%YAML 1.1
%TAG !u! tag:unity3d.com,2011:
--- !u!1 &4033168694514103668
GameObject:
  m_ObjectHideFlags: 0
  m_CorrespondingSourceObject: {fileID: 0}
  m_PrefabInstance: {fileID: 0}
  m_PrefabAsset: {fileID: 0}
  serializedVersion: 6
  m_Component:
  - component: {fileID: 2043566783605835414}
  - component: {fileID: 8707848511652889686}
  - component: {fileID: 2593544640829570301}
  - component: {fileID: 1263349003}
  - component: {fileID: 1263349002}
  m_Layer: 0
  m_Name: Barrel
  m_TagString: Untagged
  m_Icon: {fileID: 0}
  m_NavMeshLayer: 0
  m_StaticEditorFlags: 0
  m_IsActive: 1
--- !u!4 &2043566783605835414
Transform:
  m_ObjectHideFlags: 0
  m_CorrespondingSourceObject: {fileID: 0}
  m_PrefabInstance: {fileID: 0}
  m_PrefabAsset: {fileID: 0}
  m_GameObject: {fileID: 4033168694514103668}
  m_LocalRotation: {x: 0, y: 0.7069834, z: 0.7072302, w: 0}
  m_LocalPosition: {x: -22, y: 0, z: 0}
  m_LocalScale: {x: 80, y: 80, z: 80}
  m_Children: []
  m_Father: {fileID: 0}
  m_RootOrder: 0
  m_LocalEulerAnglesHint: {x: -89.98, y: 0, z: 180}
--- !u!33 &8707848511652889686
MeshFilter:
  m_ObjectHideFlags: 0
  m_CorrespondingSourceObject: {fileID: 0}
  m_PrefabInstance: {fileID: 0}
  m_PrefabAsset: {fileID: 0}
  m_GameObject: {fileID: 4033168694514103668}
  m_Mesh: {fileID: -7387706064836869012, guid: 2c3ab65717db37141ab798157cb4ba1f, type: 3}
--- !u!23 &2593544640829570301
MeshRenderer:
  m_ObjectHideFlags: 0
  m_CorrespondingSourceObject: {fileID: 0}
  m_PrefabInstance: {fileID: 0}
  m_PrefabAsset: {fileID: 0}
  m_GameObject: {fileID: 4033168694514103668}
  m_Enabled: 1
  m_CastShadows: 1
  m_ReceiveShadows: 1
  m_DynamicOccludee: 1
  m_MotionVectors: 1
  m_LightProbeUsage: 1
  m_ReflectionProbeUsage: 1
  m_RayTracingMode: 2
  m_RayTraceProcedural: 0
  m_RenderingLayerMask: 1
  m_RendererPriority: 0
  m_Materials:
  - {fileID: 2100000, guid: 639fa025c6516e64bac15560361f00a4, type: 2}
  - {fileID: 2100000, guid: 768eb32108ff0ca4abc6efee43e5c1b9, type: 2}
  m_StaticBatchInfo:
    firstSubMesh: 0
    subMeshCount: 0
  m_StaticBatchRoot: {fileID: 0}
  m_ProbeAnchor: {fileID: 0}
  m_LightProbeVolumeOverride: {fileID: 0}
  m_ScaleInLightmap: 1
  m_ReceiveGI: 1
  m_PreserveUVs: 0
  m_IgnoreNormalsForChartDetection: 0
  m_ImportantGI: 0
  m_StitchLightmapSeams: 1
  m_SelectedEditorRenderState: 3
  m_MinimumChartSize: 4
  m_AutoUVMaxDistance: 0.5
  m_AutoUVMaxAngle: 89
  m_LightmapParameters: {fileID: 0}
  m_SortingLayerID: 0
  m_SortingLayer: 0
  m_SortingOrder: 0
  m_AdditionalVertexStreams: {fileID: 0}
--- !u!65 &1263349003
BoxCollider:
  m_ObjectHideFlags: 0
  m_CorrespondingSourceObject: {fileID: 0}
  m_PrefabInstance: {fileID: 0}
  m_PrefabAsset: {fileID: 0}
  m_GameObject: {fileID: 4033168694514103668}
  m_Material: {fileID: 0}
  m_IsTrigger: 0
  m_Enabled: 1
  serializedVersion: 2
  m_Size: {x: 0.009647947, y: 0.010201288, z: 0.012244188}
  m_Center: {x: -0.00006226264, y: -0.000012359816, z: 5.2658104e-14}
--- !u!114 &1263349002
MonoBehaviour:
  m_ObjectHideFlags: 0
  m_CorrespondingSourceObject: {fileID: 0}
  m_PrefabInstance: {fileID: 0}
  m_PrefabAsset: {fileID: 0}
  m_GameObject: {fileID: 4033168694514103668}
  m_Enabled: 1
  m_EditorHideFlags: 0
  m_Script: {fileID: 11500000, guid: 0421107a47118fa41b659e71f3bf01a1, type: 3}
  m_Name: 
  m_EditorClassIdentifier: 
  randomResist: 0
  hp: 5
  maxHp: 2
  resist: 2
  hpBarBG: {fileID: 0}
  deathParticle: {fileID: 202810762993046850, guid: ad64dbd8065cf2149afcc8afb4fb02c7, type: 3}
  rendererMaterial: {fileID: 2593544640829570301}
  target: {fileID: 0}
  cameraController: {fileID: 0}
  canvasAnimator: {fileID: 0}
  damageForBounce: 0
