%YAML 1.1
%TAG !u! tag:unity3d.com,2011:
--- !u!1 &837606369382033267
GameObject:
  m_ObjectHideFlags: 0
  m_CorrespondingSourceObject: {fileID: 0}
  m_PrefabInstance: {fileID: 0}
  m_PrefabAsset: {fileID: 0}
  serializedVersion: 6
  m_Component:
  - component: {fileID: 2502957230796438524}
  - component: {fileID: 6082263870670693320}
  - component: {fileID: 2273984519755564908}
  - component: {fileID: 2137068443638326521}
  m_Layer: 0
  m_Name: Cube.023
  m_TagString: Untagged
  m_Icon: {fileID: 0}
  m_NavMeshLayer: 0
  m_StaticEditorFlags: 0
  m_IsActive: 1
--- !u!4 &2502957230796438524
Transform:
  m_ObjectHideFlags: 0
  m_CorrespondingSourceObject: {fileID: 0}
  m_PrefabInstance: {fileID: 0}
  m_PrefabAsset: {fileID: 0}
  m_GameObject: {fileID: 837606369382033267}
  m_LocalRotation: {x: -0, y: 0.0001746416, z: -1, w: 0}
  m_LocalPosition: {x: 0, y: 0, z: 0}
  m_LocalScale: {x: 1, y: 1, z: 1}
  m_Children: []
  m_Father: {fileID: 7711590395165740841}
  m_RootOrder: 0
  m_LocalEulerAnglesHint: {x: 0, y: 0, z: 0}
--- !u!33 &6082263870670693320
MeshFilter:
  m_ObjectHideFlags: 0
  m_CorrespondingSourceObject: {fileID: 0}
  m_PrefabInstance: {fileID: 0}
  m_PrefabAsset: {fileID: 0}
  m_GameObject: {fileID: 837606369382033267}
  m_Mesh: {fileID: -7771613508976059695, guid: 2c3ab65717db37141ab798157cb4ba1f, type: 3}
--- !u!23 &2273984519755564908
MeshRenderer:
  m_ObjectHideFlags: 0
  m_CorrespondingSourceObject: {fileID: 0}
  m_PrefabInstance: {fileID: 0}
  m_PrefabAsset: {fileID: 0}
  m_GameObject: {fileID: 837606369382033267}
  m_Enabled: 1
  m_CastShadows: 1
  m_ReceiveShadows: 1
  m_DynamicOccludee: 1
  m_MotionVectors: 1
  m_LightProbeUsage: 1
  m_ReflectionProbeUsage: 1
  m_RayTracingMode: 2
  m_RayTraceProcedural: 0
  m_RenderingLayerMask: 1
  m_RendererPriority: 0
  m_Materials:
  - {fileID: 2100000, guid: 639fa025c6516e64bac15560361f00a4, type: 2}
  - {fileID: 2100000, guid: 87bf728c8aef87c488f606c1588719cd, type: 2}
  m_StaticBatchInfo:
    firstSubMesh: 0
    subMeshCount: 0
  m_StaticBatchRoot: {fileID: 0}
  m_ProbeAnchor: {fileID: 0}
  m_LightProbeVolumeOverride: {fileID: 0}
  m_ScaleInLightmap: 1
  m_ReceiveGI: 1
  m_PreserveUVs: 0
  m_IgnoreNormalsForChartDetection: 0
  m_ImportantGI: 0
  m_StitchLightmapSeams: 1
  m_SelectedEditorRenderState: 3
  m_MinimumChartSize: 4
  m_AutoUVMaxDistance: 0.5
  m_AutoUVMaxAngle: 89
  m_LightmapParameters: {fileID: 0}
  m_SortingLayerID: 0
  m_SortingLayer: 0
  m_SortingOrder: 0
  m_AdditionalVertexStreams: {fileID: 0}
--- !u!64 &2137068443638326521
MeshCollider:
  m_ObjectHideFlags: 0
  m_CorrespondingSourceObject: {fileID: 0}
  m_PrefabInstance: {fileID: 0}
  m_PrefabAsset: {fileID: 0}
  m_GameObject: {fileID: 837606369382033267}
  m_Material: {fileID: 0}
  m_IsTrigger: 0
  m_Enabled: 1
  serializedVersion: 4
  m_Convex: 0
  m_CookingOptions: 30
  m_Mesh: {fileID: -5495902117074765545, guid: 2c3ab65717db37141ab798157cb4ba1f, type: 3}
--- !u!1 &6012990464895566275
GameObject:
  m_ObjectHideFlags: 0
  m_CorrespondingSourceObject: {fileID: 0}
  m_PrefabInstance: {fileID: 0}
  m_PrefabAsset: {fileID: 0}
  serializedVersion: 6
  m_Component:
  - component: {fileID: 7711590395165740841}
  m_Layer: 0
  m_Name: Room0Purple
  m_TagString: Untagged
  m_Icon: {fileID: 0}
  m_NavMeshLayer: 0
  m_StaticEditorFlags: 0
  m_IsActive: 1
--- !u!4 &7711590395165740841
Transform:
  m_ObjectHideFlags: 0
  m_CorrespondingSourceObject: {fileID: 0}
  m_PrefabInstance: {fileID: 0}
  m_PrefabAsset: {fileID: 0}
  m_GameObject: {fileID: 6012990464895566275}
  m_LocalRotation: {x: 0, y: 0.7069834, z: 0.7072302, w: 0}
  m_LocalPosition: {x: 0, y: 0, z: 0}
  m_LocalScale: {x: 100, y: 99.999985, z: 99.999985}
  m_Children:
  - {fileID: 2502957230796438524}
  - {fileID: 5446797499744894527}
  - {fileID: 7327247378491238119}
  - {fileID: 6565725057081825244}
  - {fileID: 7882420607109649251}
  m_Father: {fileID: 0}
  m_RootOrder: 0
  m_LocalEulerAnglesHint: {x: -89.98, y: 0, z: 180}
--- !u!1001 &1716252369008161877
PrefabInstance:
  m_ObjectHideFlags: 0
  serializedVersion: 2
  m_Modification:
    m_TransformParent: {fileID: 7711590395165740841}
    m_Modifications:
    - target: {fileID: 3220812445313813210, guid: 65092f3c61522c946a47784ebac6cbde, type: 3}
      propertyPath: m_Name
      value: Case
      objectReference: {fileID: 0}
    - target: {fileID: 8250250116393767602, guid: 65092f3c61522c946a47784ebac6cbde, type: 3}
      propertyPath: m_RootOrder
      value: 2
      objectReference: {fileID: 0}
    - target: {fileID: 8250250116393767602, guid: 65092f3c61522c946a47784ebac6cbde, type: 3}
      propertyPath: m_LocalScale.x
      value: 1
      objectReference: {fileID: 0}
    - target: {fileID: 8250250116393767602, guid: 65092f3c61522c946a47784ebac6cbde, type: 3}
      propertyPath: m_LocalScale.y
      value: 1
      objectReference: {fileID: 0}
    - target: {fileID: 8250250116393767602, guid: 65092f3c61522c946a47784ebac6cbde, type: 3}
      propertyPath: m_LocalScale.z
      value: 1
      objectReference: {fileID: 0}
    - target: {fileID: 8250250116393767602, guid: 65092f3c61522c946a47784ebac6cbde, type: 3}
      propertyPath: m_LocalPosition.x
      value: -0.0257
      objectReference: {fileID: 0}
    - target: {fileID: 8250250116393767602, guid: 65092f3c61522c946a47784ebac6cbde, type: 3}
      propertyPath: m_LocalPosition.y
      value: 0.043700006
      objectReference: {fileID: 0}
    - target: {fileID: 8250250116393767602, guid: 65092f3c61522c946a47784ebac6cbde, type: 3}
      propertyPath: m_LocalPosition.z
      value: -0.00995999
      objectReference: {fileID: 0}
    - target: {fileID: 8250250116393767602, guid: 65092f3c61522c946a47784ebac6cbde, type: 3}
      propertyPath: m_LocalRotation.w
      value: 0.7071078
      objectReference: {fileID: 0}
    - target: {fileID: 8250250116393767602, guid: 65092f3c61522c946a47784ebac6cbde, type: 3}
      propertyPath: m_LocalRotation.x
      value: 0.000000029802322
      objectReference: {fileID: 0}
    - target: {fileID: 8250250116393767602, guid: 65092f3c61522c946a47784ebac6cbde, type: 3}
      propertyPath: m_LocalRotation.y
      value: -0.00000008940697
      objectReference: {fileID: 0}
    - target: {fileID: 8250250116393767602, guid: 65092f3c61522c946a47784ebac6cbde, type: 3}
      propertyPath: m_LocalRotation.z
      value: 0.70710576
      objectReference: {fileID: 0}
    - target: {fileID: 8250250116393767602, guid: 65092f3c61522c946a47784ebac6cbde, type: 3}
      propertyPath: m_LocalEulerAnglesHint.x
      value: -90
      objectReference: {fileID: 0}
    - target: {fileID: 8250250116393767602, guid: 65092f3c61522c946a47784ebac6cbde, type: 3}
      propertyPath: m_LocalEulerAnglesHint.y
      value: 0
      objectReference: {fileID: 0}
    - target: {fileID: 8250250116393767602, guid: 65092f3c61522c946a47784ebac6cbde, type: 3}
      propertyPath: m_LocalEulerAnglesHint.z
      value: 270
      objectReference: {fileID: 0}
    m_RemovedComponents: []
  m_SourcePrefab: {fileID: 100100000, guid: 65092f3c61522c946a47784ebac6cbde, type: 3}
--- !u!4 &7327247378491238119 stripped
Transform:
  m_CorrespondingSourceObject: {fileID: 8250250116393767602, guid: 65092f3c61522c946a47784ebac6cbde, type: 3}
  m_PrefabInstance: {fileID: 1716252369008161877}
  m_PrefabAsset: {fileID: 0}
--- !u!1001 &2491712834251101293
PrefabInstance:
  m_ObjectHideFlags: 0
  serializedVersion: 2
  m_Modification:
    m_TransformParent: {fileID: 7711590395165740841}
    m_Modifications:
    - target: {fileID: 7566820233081924178, guid: aa9f6912d98132c469b27d8297a436c0, type: 3}
      propertyPath: m_RootOrder
      value: 1
      objectReference: {fileID: 0}
    - target: {fileID: 7566820233081924178, guid: aa9f6912d98132c469b27d8297a436c0, type: 3}
      propertyPath: m_LocalScale.x
      value: 1
      objectReference: {fileID: 0}
    - target: {fileID: 7566820233081924178, guid: aa9f6912d98132c469b27d8297a436c0, type: 3}
      propertyPath: m_LocalScale.y
      value: 1
      objectReference: {fileID: 0}
    - target: {fileID: 7566820233081924178, guid: aa9f6912d98132c469b27d8297a436c0, type: 3}
      propertyPath: m_LocalScale.z
      value: 1
      objectReference: {fileID: 0}
    - target: {fileID: 7566820233081924178, guid: aa9f6912d98132c469b27d8297a436c0, type: 3}
      propertyPath: m_LocalPosition.x
      value: 0.024549998
      objectReference: {fileID: 0}
    - target: {fileID: 7566820233081924178, guid: aa9f6912d98132c469b27d8297a436c0, type: 3}
      propertyPath: m_LocalPosition.y
      value: 0.044520006
      objectReference: {fileID: 0}
    - target: {fileID: 7566820233081924178, guid: aa9f6912d98132c469b27d8297a436c0, type: 3}
      propertyPath: m_LocalPosition.z
      value: -0.004909989
      objectReference: {fileID: 0}
    - target: {fileID: 7566820233081924178, guid: aa9f6912d98132c469b27d8297a436c0, type: 3}
      propertyPath: m_LocalRotation.w
      value: 1
      objectReference: {fileID: 0}
    - target: {fileID: 7566820233081924178, guid: aa9f6912d98132c469b27d8297a436c0, type: 3}
      propertyPath: m_LocalRotation.x
      value: -0
      objectReference: {fileID: 0}
    - target: {fileID: 7566820233081924178, guid: aa9f6912d98132c469b27d8297a436c0, type: 3}
      propertyPath: m_LocalRotation.y
      value: -0
      objectReference: {fileID: 0}
    - target: {fileID: 7566820233081924178, guid: aa9f6912d98132c469b27d8297a436c0, type: 3}
      propertyPath: m_LocalRotation.z
      value: -0
      objectReference: {fileID: 0}
    - target: {fileID: 7566820233081924178, guid: aa9f6912d98132c469b27d8297a436c0, type: 3}
      propertyPath: m_LocalEulerAnglesHint.x
      value: 0
      objectReference: {fileID: 0}
    - target: {fileID: 7566820233081924178, guid: aa9f6912d98132c469b27d8297a436c0, type: 3}
      propertyPath: m_LocalEulerAnglesHint.y
      value: 0
      objectReference: {fileID: 0}
    - target: {fileID: 7566820233081924178, guid: aa9f6912d98132c469b27d8297a436c0, type: 3}
      propertyPath: m_LocalEulerAnglesHint.z
      value: 0
      objectReference: {fileID: 0}
    - target: {fileID: 7857628727174615122, guid: aa9f6912d98132c469b27d8297a436c0, type: 3}
      propertyPath: money.x
      value: 0
      objectReference: {fileID: 0}
    - target: {fileID: 8755842998251971357, guid: aa9f6912d98132c469b27d8297a436c0, type: 3}
      propertyPath: m_Name
      value: Box
      objectReference: {fileID: 0}
    m_RemovedComponents: []
  m_SourcePrefab: {fileID: 100100000, guid: aa9f6912d98132c469b27d8297a436c0, type: 3}
--- !u!4 &5446797499744894527 stripped
Transform:
  m_CorrespondingSourceObject: {fileID: 7566820233081924178, guid: aa9f6912d98132c469b27d8297a436c0, type: 3}
  m_PrefabInstance: {fileID: 2491712834251101293}
  m_PrefabAsset: {fileID: 0}
--- !u!1001 &3610931212143066510
PrefabInstance:
  m_ObjectHideFlags: 0
  serializedVersion: 2
  m_Modification:
    m_TransformParent: {fileID: 7711590395165740841}
    m_Modifications:
    - target: {fileID: 7566820233081924178, guid: aa9f6912d98132c469b27d8297a436c0, type: 3}
      propertyPath: m_RootOrder
      value: 3
      objectReference: {fileID: 0}
    - target: {fileID: 7566820233081924178, guid: aa9f6912d98132c469b27d8297a436c0, type: 3}
      propertyPath: m_LocalScale.x
      value: 0.61602
      objectReference: {fileID: 0}
    - target: {fileID: 7566820233081924178, guid: aa9f6912d98132c469b27d8297a436c0, type: 3}
      propertyPath: m_LocalScale.y
      value: 0.6160201
      objectReference: {fileID: 0}
    - target: {fileID: 7566820233081924178, guid: aa9f6912d98132c469b27d8297a436c0, type: 3}
      propertyPath: m_LocalScale.z
      value: 0.6160201
      objectReference: {fileID: 0}
    - target: {fileID: 7566820233081924178, guid: aa9f6912d98132c469b27d8297a436c0, type: 3}
      propertyPath: m_LocalPosition.x
      value: 0.02572
      objectReference: {fileID: 0}
    - target: {fileID: 7566820233081924178, guid: aa9f6912d98132c469b27d8297a436c0, type: 3}
      propertyPath: m_LocalPosition.y
      value: 0.03512
      objectReference: {fileID: 0}
    - target: {fileID: 7566820233081924178, guid: aa9f6912d98132c469b27d8297a436c0, type: 3}
      propertyPath: m_LocalPosition.z
      value: -0.00697
      objectReference: {fileID: 0}
    - target: {fileID: 7566820233081924178, guid: aa9f6912d98132c469b27d8297a436c0, type: 3}
      propertyPath: m_LocalRotation.w
      value: 0.21325342
      objectReference: {fileID: 0}
    - target: {fileID: 7566820233081924178, guid: aa9f6912d98132c469b27d8297a436c0, type: 3}
      propertyPath: m_LocalRotation.x
      value: 0.000000014901161
      objectReference: {fileID: 0}
    - target: {fileID: 7566820233081924178, guid: aa9f6912d98132c469b27d8297a436c0, type: 3}
      propertyPath: m_LocalRotation.y
      value: -0.00000008940697
      objectReference: {fileID: 0}
    - target: {fileID: 7566820233081924178, guid: aa9f6912d98132c469b27d8297a436c0, type: 3}
      propertyPath: m_LocalRotation.z
      value: 0.9769969
      objectReference: {fileID: 0}
    - target: {fileID: 7566820233081924178, guid: aa9f6912d98132c469b27d8297a436c0, type: 3}
      propertyPath: m_LocalEulerAnglesHint.x
      value: -90
      objectReference: {fileID: 0}
    - target: {fileID: 7566820233081924178, guid: aa9f6912d98132c469b27d8297a436c0, type: 3}
      propertyPath: m_LocalEulerAnglesHint.y
      value: 0
      objectReference: {fileID: 0}
    - target: {fileID: 7566820233081924178, guid: aa9f6912d98132c469b27d8297a436c0, type: 3}
      propertyPath: m_LocalEulerAnglesHint.z
      value: -24.626
      objectReference: {fileID: 0}
    - target: {fileID: 7857628727174615122, guid: aa9f6912d98132c469b27d8297a436c0, type: 3}
      propertyPath: money.x
      value: 0
      objectReference: {fileID: 0}
    - target: {fileID: 8755842998251971357, guid: aa9f6912d98132c469b27d8297a436c0, type: 3}
      propertyPath: m_Name
      value: Box (1)
      objectReference: {fileID: 0}
    m_RemovedComponents: []
  m_SourcePrefab: {fileID: 100100000, guid: aa9f6912d98132c469b27d8297a436c0, type: 3}
--- !u!4 &6565725057081825244 stripped
Transform:
  m_CorrespondingSourceObject: {fileID: 7566820233081924178, guid: aa9f6912d98132c469b27d8297a436c0, type: 3}
  m_PrefabInstance: {fileID: 3610931212143066510}
  m_PrefabAsset: {fileID: 0}
--- !u!1001 &5841691928326097556
PrefabInstance:
  m_ObjectHideFlags: 0
  serializedVersion: 2
  m_Modification:
    m_TransformParent: {fileID: 7711590395165740841}
    m_Modifications:
    - target: {fileID: 4128362512603657966, guid: 4894e52c188f5d94c9a9667f008259d8, type: 3}
      propertyPath: m_Name
      value: Extinguisher
      objectReference: {fileID: 0}
    - target: {fileID: 4355579095121762807, guid: 4894e52c188f5d94c9a9667f008259d8, type: 3}
      propertyPath: m_RootOrder
      value: 4
      objectReference: {fileID: 0}
    - target: {fileID: 4355579095121762807, guid: 4894e52c188f5d94c9a9667f008259d8, type: 3}
      propertyPath: m_LocalScale.x
      value: 1.0000002
      objectReference: {fileID: 0}
    - target: {fileID: 4355579095121762807, guid: 4894e52c188f5d94c9a9667f008259d8, type: 3}
      propertyPath: m_LocalScale.y
      value: 1.0000001
      objectReference: {fileID: 0}
    - target: {fileID: 4355579095121762807, guid: 4894e52c188f5d94c9a9667f008259d8, type: 3}
      propertyPath: m_LocalScale.z
      value: 1.0000001
      objectReference: {fileID: 0}
    - target: {fileID: 4355579095121762807, guid: 4894e52c188f5d94c9a9667f008259d8, type: 3}
      propertyPath: m_LocalPosition.x
      value: 0.0204
      objectReference: {fileID: 0}
    - target: {fileID: 4355579095121762807, guid: 4894e52c188f5d94c9a9667f008259d8, type: 3}
      propertyPath: m_LocalPosition.y
      value: 0.0492
      objectReference: {fileID: 0}
    - target: {fileID: 4355579095121762807, guid: 4894e52c188f5d94c9a9667f008259d8, type: 3}
      propertyPath: m_LocalPosition.z
      value: 0.0037
      objectReference: {fileID: 0}
    - target: {fileID: 4355579095121762807, guid: 4894e52c188f5d94c9a9667f008259d8, type: 3}
      propertyPath: m_LocalRotation.w
      value: -1
      objectReference: {fileID: 0}
    - target: {fileID: 4355579095121762807, guid: 4894e52c188f5d94c9a9667f008259d8, type: 3}
      propertyPath: m_LocalRotation.x
      value: -0.00000014901163
      objectReference: {fileID: 0}
    - target: {fileID: 4355579095121762807, guid: 4894e52c188f5d94c9a9667f008259d8, type: 3}
      propertyPath: m_LocalRotation.y
      value: -0.000000023639474
      objectReference: {fileID: 0}
    - target: {fileID: 4355579095121762807, guid: 4894e52c188f5d94c9a9667f008259d8, type: 3}
      propertyPath: m_LocalRotation.z
      value: -0.000002505171
      objectReference: {fileID: 0}
    - target: {fileID: 4355579095121762807, guid: 4894e52c188f5d94c9a9667f008259d8, type: 3}
      propertyPath: m_LocalEulerAnglesHint.x
      value: 0
      objectReference: {fileID: 0}
    - target: {fileID: 4355579095121762807, guid: 4894e52c188f5d94c9a9667f008259d8, type: 3}
      propertyPath: m_LocalEulerAnglesHint.y
      value: 0
      objectReference: {fileID: 0}
    - target: {fileID: 4355579095121762807, guid: 4894e52c188f5d94c9a9667f008259d8, type: 3}
      propertyPath: m_LocalEulerAnglesHint.z
      value: 0
      objectReference: {fileID: 0}
    m_RemovedComponents: []
  m_SourcePrefab: {fileID: 100100000, guid: 4894e52c188f5d94c9a9667f008259d8, type: 3}
--- !u!4 &7882420607109649251 stripped
Transform:
  m_CorrespondingSourceObject: {fileID: 4355579095121762807, guid: 4894e52c188f5d94c9a9667f008259d8, type: 3}
  m_PrefabInstance: {fileID: 5841691928326097556}
  m_PrefabAsset: {fileID: 0}
