%YAML 1.1
%TAG !u! tag:unity3d.com,2011:
--- !u!65 &5671140822351792617
BoxCollider:
  m_ObjectHideFlags: 0
  m_CorrespondingSourceObject: {fileID: 0}
  m_PrefabInstance: {fileID: 0}
  m_PrefabAsset: {fileID: 0}
  m_GameObject: {fileID: 2636995847322069504}
  m_Material: {fileID: 0}
  m_IsTrigger: 0
  m_Enabled: 1
  serializedVersion: 2
  m_Size: {x: 0.060000055, y: 0.0010000005, z: 0.04000002}
  m_Center: {x: 0.000000059604645, y: -0.00049997045, z: -0.0000000027939686}
--- !u!65 &6519082880381463827
BoxCollider:
  m_ObjectHideFlags: 0
  m_CorrespondingSourceObject: {fileID: 0}
  m_PrefabInstance: {fileID: 0}
  m_PrefabAsset: {fileID: 0}
  m_GameObject: {fileID: 2636995847322069504}
  m_Material: {fileID: 0}
  m_IsTrigger: 0
  m_Enabled: 1
  serializedVersion: 2
  m_Size: {x: 0.059999984, y: 0.0009999993, z: 0.039999995}
  m_Center: {x: 0.000000007450581, y: -0.0005000034, z: -0.0000000018626451}
--- !u!65 &8463191034345879537
BoxCollider:
  m_ObjectHideFlags: 0
  m_CorrespondingSourceObject: {fileID: 0}
  m_PrefabInstance: {fileID: 0}
  m_PrefabAsset: {fileID: 0}
  m_GameObject: {fileID: 2940151258821160889}
  m_Material: {fileID: 0}
  m_IsTrigger: 0
  m_Enabled: 1
  serializedVersion: 2
  m_Size: {x: 0.0064463434, y: 0.0067615206, z: 0.012282547}
  m_Center: {x: -0.00000003783499, y: 0.00024966648, z: 0.006055461}
--- !u!65 &8286445858826164780
BoxCollider:
  m_ObjectHideFlags: 0
  m_CorrespondingSourceObject: {fileID: 0}
  m_PrefabInstance: {fileID: 0}
  m_PrefabAsset: {fileID: 0}
  m_GameObject: {fileID: 5032835873662570526}
  m_Material: {fileID: 0}
  m_IsTrigger: 0
  m_Enabled: 1
  serializedVersion: 2
  m_Size: {x: 0.0064463424, y: 0.0067615216, z: 0.012282547}
  m_Center: {x: -0.00000003675218, y: 0.0002496807, z: 0.0060554636}
--- !u!1 &8472959238297982360
GameObject:
  m_ObjectHideFlags: 0
  m_CorrespondingSourceObject: {fileID: 0}
  m_PrefabInstance: {fileID: 0}
  m_PrefabAsset: {fileID: 0}
  serializedVersion: 6
  m_Component:
  - component: {fileID: 3498215934417151632}
  - component: {fileID: 3703875714669667536}
  - component: {fileID: 2021872462805066160}
  - component: {fileID: 7502926942249384208}
  m_Layer: 0
  m_Name: Room4
  m_TagString: Untagged
  m_Icon: {fileID: 0}
  m_NavMeshLayer: 0
  m_StaticEditorFlags: 0
  m_IsActive: 1
--- !u!4 &3498215934417151632
Transform:
  m_ObjectHideFlags: 0
  m_CorrespondingSourceObject: {fileID: 0}
  m_PrefabInstance: {fileID: 0}
  m_PrefabAsset: {fileID: 0}
  m_GameObject: {fileID: 8472959238297982360}
  m_LocalRotation: {x: -0, y: -0.7071068, z: -0.7071068, w: 0}
  m_LocalPosition: {x: 0.36708832, y: 0.019999996, z: 42.94}
  m_LocalScale: {x: 100, y: 99.999985, z: 99.999985}
  m_Children:
  - {fileID: 3752269655203055703}
  - {fileID: 6831000840679770382}
  - {fileID: 854346780112383924}
  - {fileID: 2615221514440859395}
  - {fileID: 17542081424634004}
  - {fileID: 1360199472968146567}
  - {fileID: 5286830607979454628}
  - {fileID: 7839075554014433124}
  - {fileID: 7111043859025078868}
  - {fileID: 2002076636113589823}
  - {fileID: 1241025209035399131}
  m_Father: {fileID: 0}
  m_RootOrder: 0
  m_LocalEulerAnglesHint: {x: -90, y: 0, z: -180}
--- !u!33 &3703875714669667536
MeshFilter:
  m_ObjectHideFlags: 0
  m_CorrespondingSourceObject: {fileID: 0}
  m_PrefabInstance: {fileID: 0}
  m_PrefabAsset: {fileID: 0}
  m_GameObject: {fileID: 8472959238297982360}
  m_Mesh: {fileID: 2911736426955009642, guid: 2c3ab65717db37141ab798157cb4ba1f, type: 3}
--- !u!23 &2021872462805066160
MeshRenderer:
  m_ObjectHideFlags: 0
  m_CorrespondingSourceObject: {fileID: 0}
  m_PrefabInstance: {fileID: 0}
  m_PrefabAsset: {fileID: 0}
  m_GameObject: {fileID: 8472959238297982360}
  m_Enabled: 1
  m_CastShadows: 1
  m_ReceiveShadows: 1
  m_DynamicOccludee: 1
  m_MotionVectors: 1
  m_LightProbeUsage: 1
  m_ReflectionProbeUsage: 1
  m_RayTracingMode: 2
  m_RayTraceProcedural: 0
  m_RenderingLayerMask: 1
  m_RendererPriority: 0
  m_Materials:
  - {fileID: 2100000, guid: 639fa025c6516e64bac15560361f00a4, type: 2}
  - {fileID: 2100000, guid: 7b8e774334379434598415cc58227fc2, type: 2}
  m_StaticBatchInfo:
    firstSubMesh: 0
    subMeshCount: 0
  m_StaticBatchRoot: {fileID: 0}
  m_ProbeAnchor: {fileID: 0}
  m_LightProbeVolumeOverride: {fileID: 0}
  m_ScaleInLightmap: 1
  m_ReceiveGI: 1
  m_PreserveUVs: 0
  m_IgnoreNormalsForChartDetection: 0
  m_ImportantGI: 0
  m_StitchLightmapSeams: 1
  m_SelectedEditorRenderState: 3
  m_MinimumChartSize: 4
  m_AutoUVMaxDistance: 0.5
  m_AutoUVMaxAngle: 89
  m_LightmapParameters: {fileID: 0}
  m_SortingLayerID: 0
  m_SortingLayer: 0
  m_SortingOrder: 0
  m_AdditionalVertexStreams: {fileID: 0}
--- !u!64 &7502926942249384208
MeshCollider:
  m_ObjectHideFlags: 0
  m_CorrespondingSourceObject: {fileID: 0}
  m_PrefabInstance: {fileID: 0}
  m_PrefabAsset: {fileID: 0}
  m_GameObject: {fileID: 8472959238297982360}
  m_Material: {fileID: 0}
  m_IsTrigger: 0
  m_Enabled: 1
  serializedVersion: 4
  m_Convex: 0
  m_CookingOptions: 30
  m_Mesh: {fileID: 2911736426955009642, guid: 2c3ab65717db37141ab798157cb4ba1f, type: 3}
--- !u!65 &1461311133079876277
BoxCollider:
  m_ObjectHideFlags: 0
  m_CorrespondingSourceObject: {fileID: 0}
  m_PrefabInstance: {fileID: 0}
  m_PrefabAsset: {fileID: 0}
  m_GameObject: {fileID: 8954067762363133235}
  m_Material: {fileID: 0}
  m_IsTrigger: 0
  m_Enabled: 1
  serializedVersion: 2
  m_Size: {x: 0.060000055, y: 0.0010000005, z: 0.04000002}
  m_Center: {x: 0.000000059604645, y: -0.00049997045, z: 0.0000000074505797}
--- !u!65 &2111563452702491165
BoxCollider:
  m_ObjectHideFlags: 0
  m_CorrespondingSourceObject: {fileID: 0}
  m_PrefabInstance: {fileID: 0}
  m_PrefabAsset: {fileID: 0}
  m_GameObject: {fileID: 8954067762363133235}
  m_Material: {fileID: 0}
  m_IsTrigger: 0
  m_Enabled: 1
  serializedVersion: 2
  m_Size: {x: 0.059999984, y: 0.0009999993, z: 0.039999995}
  m_Center: {x: 0.000000007450581, y: -0.0005000034, z: -0.0000000018626451}
--- !u!1001 &4677631678352480
PrefabInstance:
  m_ObjectHideFlags: 0
  serializedVersion: 2
  m_Modification:
    m_TransformParent: {fileID: 3498215934417151632}
    m_Modifications:
    - target: {fileID: 1236695072759092155, guid: 91a2d7cdb8b910944a9c8ed5f03b85cf, type: 3}
      propertyPath: m_RootOrder
      value: 10
      objectReference: {fileID: 0}
    - target: {fileID: 1236695072759092155, guid: 91a2d7cdb8b910944a9c8ed5f03b85cf, type: 3}
      propertyPath: m_LocalScale.x
      value: 0.009999995
      objectReference: {fileID: 0}
    - target: {fileID: 1236695072759092155, guid: 91a2d7cdb8b910944a9c8ed5f03b85cf, type: 3}
      propertyPath: m_LocalScale.y
      value: 0.009999998
      objectReference: {fileID: 0}
    - target: {fileID: 1236695072759092155, guid: 91a2d7cdb8b910944a9c8ed5f03b85cf, type: 3}
      propertyPath: m_LocalScale.z
      value: 0.009999998
      objectReference: {fileID: 0}
    - target: {fileID: 1236695072759092155, guid: 91a2d7cdb8b910944a9c8ed5f03b85cf, type: 3}
      propertyPath: m_LocalPosition.x
      value: -0.04002
      objectReference: {fileID: 0}
    - target: {fileID: 1236695072759092155, guid: 91a2d7cdb8b910944a9c8ed5f03b85cf, type: 3}
      propertyPath: m_LocalPosition.y
      value: 0.05073
      objectReference: {fileID: 0}
    - target: {fileID: 1236695072759092155, guid: 91a2d7cdb8b910944a9c8ed5f03b85cf, type: 3}
      propertyPath: m_LocalPosition.z
      value: -0.01016
      objectReference: {fileID: 0}
    - target: {fileID: 1236695072759092155, guid: 91a2d7cdb8b910944a9c8ed5f03b85cf, type: 3}
      propertyPath: m_LocalRotation.w
      value: 0
      objectReference: {fileID: 0}
    - target: {fileID: 1236695072759092155, guid: 91a2d7cdb8b910944a9c8ed5f03b85cf, type: 3}
      propertyPath: m_LocalRotation.x
      value: -0
      objectReference: {fileID: 0}
    - target: {fileID: 1236695072759092155, guid: 91a2d7cdb8b910944a9c8ed5f03b85cf, type: 3}
      propertyPath: m_LocalRotation.y
      value: 0.7071068
      objectReference: {fileID: 0}
    - target: {fileID: 1236695072759092155, guid: 91a2d7cdb8b910944a9c8ed5f03b85cf, type: 3}
      propertyPath: m_LocalRotation.z
      value: 0.7071068
      objectReference: {fileID: 0}
    - target: {fileID: 1236695072759092155, guid: 91a2d7cdb8b910944a9c8ed5f03b85cf, type: 3}
      propertyPath: m_LocalEulerAnglesHint.x
      value: 0
      objectReference: {fileID: 0}
    - target: {fileID: 1236695072759092155, guid: 91a2d7cdb8b910944a9c8ed5f03b85cf, type: 3}
      propertyPath: m_LocalEulerAnglesHint.y
      value: 0
      objectReference: {fileID: 0}
    - target: {fileID: 1236695072759092155, guid: 91a2d7cdb8b910944a9c8ed5f03b85cf, type: 3}
      propertyPath: m_LocalEulerAnglesHint.z
      value: 0
      objectReference: {fileID: 0}
    - target: {fileID: 2451693394870239215, guid: 91a2d7cdb8b910944a9c8ed5f03b85cf, type: 3}
      propertyPath: m_Name
      value: Door
      objectReference: {fileID: 0}
    m_RemovedComponents: []
  m_SourcePrefab: {fileID: 100100000, guid: 91a2d7cdb8b910944a9c8ed5f03b85cf, type: 3}
--- !u!4 &1241025209035399131 stripped
Transform:
  m_CorrespondingSourceObject: {fileID: 1236695072759092155, guid: 91a2d7cdb8b910944a9c8ed5f03b85cf, type: 3}
  m_PrefabInstance: {fileID: 4677631678352480}
  m_PrefabAsset: {fileID: 0}
--- !u!1001 &233155635218519690
PrefabInstance:
  m_ObjectHideFlags: 0
  serializedVersion: 2
  m_Modification:
    m_TransformParent: {fileID: 3498215934417151632}
    m_Modifications:
    - target: {fileID: 2843873408295389577, guid: d311d63a41c728c4cae53066a23020d8, type: 3}
      propertyPath: m_RootOrder
      value: 3
      objectReference: {fileID: 0}
    - target: {fileID: 2843873408295389577, guid: d311d63a41c728c4cae53066a23020d8, type: 3}
      propertyPath: m_LocalScale.x
      value: 1
      objectReference: {fileID: 0}
    - target: {fileID: 2843873408295389577, guid: d311d63a41c728c4cae53066a23020d8, type: 3}
      propertyPath: m_LocalScale.y
      value: 1
      objectReference: {fileID: 0}
    - target: {fileID: 2843873408295389577, guid: d311d63a41c728c4cae53066a23020d8, type: 3}
      propertyPath: m_LocalScale.z
      value: 1
      objectReference: {fileID: 0}
    - target: {fileID: 2843873408295389577, guid: d311d63a41c728c4cae53066a23020d8, type: 3}
      propertyPath: m_LocalPosition.x
      value: -0.0010290376
      objectReference: {fileID: 0}
    - target: {fileID: 2843873408295389577, guid: d311d63a41c728c4cae53066a23020d8, type: 3}
      propertyPath: m_LocalPosition.y
      value: 0.013599981
      objectReference: {fileID: 0}
    - target: {fileID: 2843873408295389577, guid: d311d63a41c728c4cae53066a23020d8, type: 3}
      propertyPath: m_LocalPosition.z
      value: -0.010300021
      objectReference: {fileID: 0}
    - target: {fileID: 2843873408295389577, guid: d311d63a41c728c4cae53066a23020d8, type: 3}
      propertyPath: m_LocalRotation.w
      value: -1
      objectReference: {fileID: 0}
    - target: {fileID: 2843873408295389577, guid: d311d63a41c728c4cae53066a23020d8, type: 3}
      propertyPath: m_LocalRotation.x
      value: -0.00000011920912
      objectReference: {fileID: 0}
    - target: {fileID: 2843873408295389577, guid: d311d63a41c728c4cae53066a23020d8, type: 3}
      propertyPath: m_LocalRotation.y
      value: 0.000000048490392
      objectReference: {fileID: 0}
    - target: {fileID: 2843873408295389577, guid: d311d63a41c728c4cae53066a23020d8, type: 3}
      propertyPath: m_LocalRotation.z
      value: 0.000004851081
      objectReference: {fileID: 0}
    - target: {fileID: 2843873408295389577, guid: d311d63a41c728c4cae53066a23020d8, type: 3}
      propertyPath: m_LocalEulerAnglesHint.x
      value: 0
      objectReference: {fileID: 0}
    - target: {fileID: 2843873408295389577, guid: d311d63a41c728c4cae53066a23020d8, type: 3}
      propertyPath: m_LocalEulerAnglesHint.y
      value: 0
      objectReference: {fileID: 0}
    - target: {fileID: 2843873408295389577, guid: d311d63a41c728c4cae53066a23020d8, type: 3}
      propertyPath: m_LocalEulerAnglesHint.z
      value: 0
      objectReference: {fileID: 0}
    - target: {fileID: 3166547508648704307, guid: d311d63a41c728c4cae53066a23020d8, type: 3}
      propertyPath: m_Name
      value: Chair (2)
      objectReference: {fileID: 0}
    m_RemovedComponents:
    - {fileID: 7191836290892537134, guid: d311d63a41c728c4cae53066a23020d8, type: 3}
  m_SourcePrefab: {fileID: 100100000, guid: d311d63a41c728c4cae53066a23020d8, type: 3}
--- !u!1 &2940151258821160889 stripped
GameObject:
  m_CorrespondingSourceObject: {fileID: 3166547508648704307, guid: d311d63a41c728c4cae53066a23020d8, type: 3}
  m_PrefabInstance: {fileID: 233155635218519690}
  m_PrefabAsset: {fileID: 0}
--- !u!4 &2615221514440859395 stripped
Transform:
  m_CorrespondingSourceObject: {fileID: 2843873408295389577, guid: d311d63a41c728c4cae53066a23020d8, type: 3}
  m_PrefabInstance: {fileID: 233155635218519690}
  m_PrefabAsset: {fileID: 0}
--- !u!1001 &515746703678589415
PrefabInstance:
  m_ObjectHideFlags: 0
  serializedVersion: 2
  m_Modification:
    m_TransformParent: {fileID: 3498215934417151632}
    m_Modifications:
    - target: {fileID: 933216242038187603, guid: 1eada3f6f1f8f3b4d98c842dba93ed74, type: 3}
      propertyPath: m_RootOrder
      value: 2
      objectReference: {fileID: 0}
    - target: {fileID: 933216242038187603, guid: 1eada3f6f1f8f3b4d98c842dba93ed74, type: 3}
      propertyPath: m_LocalScale.x
      value: 1
      objectReference: {fileID: 0}
    - target: {fileID: 933216242038187603, guid: 1eada3f6f1f8f3b4d98c842dba93ed74, type: 3}
      propertyPath: m_LocalScale.y
      value: 1
      objectReference: {fileID: 0}
    - target: {fileID: 933216242038187603, guid: 1eada3f6f1f8f3b4d98c842dba93ed74, type: 3}
      propertyPath: m_LocalScale.z
      value: 1
      objectReference: {fileID: 0}
    - target: {fileID: 933216242038187603, guid: 1eada3f6f1f8f3b4d98c842dba93ed74, type: 3}
      propertyPath: m_LocalPosition.x
      value: -0.008529093
      objectReference: {fileID: 0}
    - target: {fileID: 933216242038187603, guid: 1eada3f6f1f8f3b4d98c842dba93ed74, type: 3}
      propertyPath: m_LocalPosition.y
      value: 0.0044999826
      objectReference: {fileID: 0}
    - target: {fileID: 933216242038187603, guid: 1eada3f6f1f8f3b4d98c842dba93ed74, type: 3}
      propertyPath: m_LocalPosition.z
      value: -0.0015000101
      objectReference: {fileID: 0}
    - target: {fileID: 933216242038187603, guid: 1eada3f6f1f8f3b4d98c842dba93ed74, type: 3}
      propertyPath: m_LocalRotation.w
      value: 0.0000017874979
      objectReference: {fileID: 0}
    - target: {fileID: 933216242038187603, guid: 1eada3f6f1f8f3b4d98c842dba93ed74, type: 3}
      propertyPath: m_LocalRotation.x
      value: -0.00000012269857
      objectReference: {fileID: 0}
    - target: {fileID: 933216242038187603, guid: 1eada3f6f1f8f3b4d98c842dba93ed74, type: 3}
      propertyPath: m_LocalRotation.y
      value: -0.00000020861626
      objectReference: {fileID: 0}
    - target: {fileID: 933216242038187603, guid: 1eada3f6f1f8f3b4d98c842dba93ed74, type: 3}
      propertyPath: m_LocalRotation.z
      value: 1
      objectReference: {fileID: 0}
    - target: {fileID: 933216242038187603, guid: 1eada3f6f1f8f3b4d98c842dba93ed74, type: 3}
      propertyPath: m_LocalEulerAnglesHint.x
      value: 0
      objectReference: {fileID: 0}
    - target: {fileID: 933216242038187603, guid: 1eada3f6f1f8f3b4d98c842dba93ed74, type: 3}
      propertyPath: m_LocalEulerAnglesHint.y
      value: 0
      objectReference: {fileID: 0}
    - target: {fileID: 933216242038187603, guid: 1eada3f6f1f8f3b4d98c842dba93ed74, type: 3}
      propertyPath: m_LocalEulerAnglesHint.z
      value: -180
      objectReference: {fileID: 0}
    - target: {fileID: 9212100540620887533, guid: 1eada3f6f1f8f3b4d98c842dba93ed74, type: 3}
      propertyPath: m_Name
      value: Computer (1)
      objectReference: {fileID: 0}
    m_RemovedComponents: []
  m_SourcePrefab: {fileID: 100100000, guid: 1eada3f6f1f8f3b4d98c842dba93ed74, type: 3}
--- !u!4 &854346780112383924 stripped
Transform:
  m_CorrespondingSourceObject: {fileID: 933216242038187603, guid: 1eada3f6f1f8f3b4d98c842dba93ed74, type: 3}
  m_PrefabInstance: {fileID: 515746703678589415}
  m_PrefabAsset: {fileID: 0}
--- !u!1001 &841397287283294214
PrefabInstance:
  m_ObjectHideFlags: 0
  serializedVersion: 2
  m_Modification:
    m_TransformParent: {fileID: 3498215934417151632}
    m_Modifications:
    - target: {fileID: 5911295627739189727, guid: aa9f6912d98132c469b27d8297a436c0, type: 3}
      propertyPath: m_Size.x
      value: 0.010000007
      objectReference: {fileID: 0}
    - target: {fileID: 5911295627739189727, guid: aa9f6912d98132c469b27d8297a436c0, type: 3}
      propertyPath: m_Size.y
      value: 0.010000006
      objectReference: {fileID: 0}
    - target: {fileID: 5911295627739189727, guid: aa9f6912d98132c469b27d8297a436c0, type: 3}
      propertyPath: m_Size.z
      value: 0.010000003
      objectReference: {fileID: 0}
    - target: {fileID: 5911295627739189727, guid: aa9f6912d98132c469b27d8297a436c0, type: 3}
      propertyPath: m_Center.x
      value: 0.000000022351742
      objectReference: {fileID: 0}
    - target: {fileID: 5911295627739189727, guid: aa9f6912d98132c469b27d8297a436c0, type: 3}
      propertyPath: m_Center.y
      value: -0.000000014901161
      objectReference: {fileID: 0}
    - target: {fileID: 5911295627739189727, guid: aa9f6912d98132c469b27d8297a436c0, type: 3}
      propertyPath: m_Center.z
      value: -0.0000000013969839
      objectReference: {fileID: 0}
    - target: {fileID: 7566820233081924178, guid: aa9f6912d98132c469b27d8297a436c0, type: 3}
      propertyPath: m_RootOrder
      value: 8
      objectReference: {fileID: 0}
    - target: {fileID: 7566820233081924178, guid: aa9f6912d98132c469b27d8297a436c0, type: 3}
      propertyPath: m_LocalScale.x
      value: 1
      objectReference: {fileID: 0}
    - target: {fileID: 7566820233081924178, guid: aa9f6912d98132c469b27d8297a436c0, type: 3}
      propertyPath: m_LocalScale.y
      value: 1
      objectReference: {fileID: 0}
    - target: {fileID: 7566820233081924178, guid: aa9f6912d98132c469b27d8297a436c0, type: 3}
      propertyPath: m_LocalScale.z
      value: 1
      objectReference: {fileID: 0}
    - target: {fileID: 7566820233081924178, guid: aa9f6912d98132c469b27d8297a436c0, type: 3}
      propertyPath: m_LocalPosition.x
      value: -0.0633
      objectReference: {fileID: 0}
    - target: {fileID: 7566820233081924178, guid: aa9f6912d98132c469b27d8297a436c0, type: 3}
      propertyPath: m_LocalPosition.y
      value: 0.0125
      objectReference: {fileID: 0}
    - target: {fileID: 7566820233081924178, guid: aa9f6912d98132c469b27d8297a436c0, type: 3}
      propertyPath: m_LocalPosition.z
      value: -0.0051
      objectReference: {fileID: 0}
    - target: {fileID: 7566820233081924178, guid: aa9f6912d98132c469b27d8297a436c0, type: 3}
      propertyPath: m_LocalRotation.w
      value: 0.2458669
      objectReference: {fileID: 0}
    - target: {fileID: 7566820233081924178, guid: aa9f6912d98132c469b27d8297a436c0, type: 3}
      propertyPath: m_LocalRotation.x
      value: 0.00000009920029
      objectReference: {fileID: 0}
    - target: {fileID: 7566820233081924178, guid: aa9f6912d98132c469b27d8297a436c0, type: 3}
      propertyPath: m_LocalRotation.y
      value: -0.00000023841858
      objectReference: {fileID: 0}
    - target: {fileID: 7566820233081924178, guid: aa9f6912d98132c469b27d8297a436c0, type: 3}
      propertyPath: m_LocalRotation.z
      value: -0.9693036
      objectReference: {fileID: 0}
    - target: {fileID: 7566820233081924178, guid: aa9f6912d98132c469b27d8297a436c0, type: 3}
      propertyPath: m_LocalEulerAnglesHint.x
      value: 0
      objectReference: {fileID: 0}
    - target: {fileID: 7566820233081924178, guid: aa9f6912d98132c469b27d8297a436c0, type: 3}
      propertyPath: m_LocalEulerAnglesHint.y
      value: 0
      objectReference: {fileID: 0}
    - target: {fileID: 7566820233081924178, guid: aa9f6912d98132c469b27d8297a436c0, type: 3}
      propertyPath: m_LocalEulerAnglesHint.z
      value: 208.466
      objectReference: {fileID: 0}
    - target: {fileID: 7857628727174615122, guid: aa9f6912d98132c469b27d8297a436c0, type: 3}
      propertyPath: money.x
      value: 0
      objectReference: {fileID: 0}
    - target: {fileID: 8755842998251971357, guid: aa9f6912d98132c469b27d8297a436c0, type: 3}
      propertyPath: m_Name
      value: Box (6)
      objectReference: {fileID: 0}
    m_RemovedComponents: []
  m_SourcePrefab: {fileID: 100100000, guid: aa9f6912d98132c469b27d8297a436c0, type: 3}
--- !u!4 &7111043859025078868 stripped
Transform:
  m_CorrespondingSourceObject: {fileID: 7566820233081924178, guid: aa9f6912d98132c469b27d8297a436c0, type: 3}
  m_PrefabInstance: {fileID: 841397287283294214}
  m_PrefabAsset: {fileID: 0}
--- !u!1001 &1513796930404653122
PrefabInstance:
  m_ObjectHideFlags: 0
  serializedVersion: 2
  m_Modification:
    m_TransformParent: {fileID: 3498215934417151632}
    m_Modifications:
    - target: {fileID: 7584391049459987825, guid: d509c6e771def1747866354f7ab77a24, type: 3}
      propertyPath: m_Name
      value: Window1 (5)
      objectReference: {fileID: 0}
    - target: {fileID: 8724483399159351180, guid: d509c6e771def1747866354f7ab77a24, type: 3}
      propertyPath: m_CastShadows
      value: 0
      objectReference: {fileID: 0}
    - target: {fileID: 8776367677550761766, guid: d509c6e771def1747866354f7ab77a24, type: 3}
      propertyPath: m_RootOrder
      value: 7
      objectReference: {fileID: 0}
    - target: {fileID: 8776367677550761766, guid: d509c6e771def1747866354f7ab77a24, type: 3}
      propertyPath: m_LocalScale.x
      value: 0.8464501
      objectReference: {fileID: 0}
    - target: {fileID: 8776367677550761766, guid: d509c6e771def1747866354f7ab77a24, type: 3}
      propertyPath: m_LocalScale.y
      value: 1
      objectReference: {fileID: 0}
    - target: {fileID: 8776367677550761766, guid: d509c6e771def1747866354f7ab77a24, type: 3}
      propertyPath: m_LocalScale.z
      value: 1.1067
      objectReference: {fileID: 0}
    - target: {fileID: 8776367677550761766, guid: d509c6e771def1747866354f7ab77a24, type: 3}
      propertyPath: m_LocalPosition.x
      value: -0.0701
      objectReference: {fileID: 0}
    - target: {fileID: 8776367677550761766, guid: d509c6e771def1747866354f7ab77a24, type: 3}
      propertyPath: m_LocalPosition.y
      value: -0.0246
      objectReference: {fileID: 0}
    - target: {fileID: 8776367677550761766, guid: d509c6e771def1747866354f7ab77a24, type: 3}
      propertyPath: m_LocalPosition.z
      value: 0.0101
      objectReference: {fileID: 0}
    - target: {fileID: 8776367677550761766, guid: d509c6e771def1747866354f7ab77a24, type: 3}
      propertyPath: m_LocalRotation.w
      value: 0.70710474
      objectReference: {fileID: 0}
    - target: {fileID: 8776367677550761766, guid: d509c6e771def1747866354f7ab77a24, type: 3}
      propertyPath: m_LocalRotation.x
      value: 0.00000009313099
      objectReference: {fileID: 0}
    - target: {fileID: 8776367677550761766, guid: d509c6e771def1747866354f7ab77a24, type: 3}
      propertyPath: m_LocalRotation.y
      value: -0.0000005066394
      objectReference: {fileID: 0}
    - target: {fileID: 8776367677550761766, guid: d509c6e771def1747866354f7ab77a24, type: 3}
      propertyPath: m_LocalRotation.z
      value: 0.707109
      objectReference: {fileID: 0}
    - target: {fileID: 8776367677550761766, guid: d509c6e771def1747866354f7ab77a24, type: 3}
      propertyPath: m_LocalEulerAnglesHint.x
      value: 0
      objectReference: {fileID: 0}
    - target: {fileID: 8776367677550761766, guid: d509c6e771def1747866354f7ab77a24, type: 3}
      propertyPath: m_LocalEulerAnglesHint.y
      value: 0
      objectReference: {fileID: 0}
    - target: {fileID: 8776367677550761766, guid: d509c6e771def1747866354f7ab77a24, type: 3}
      propertyPath: m_LocalEulerAnglesHint.z
      value: -270
      objectReference: {fileID: 0}
    m_RemovedComponents: []
  m_SourcePrefab: {fileID: 100100000, guid: d509c6e771def1747866354f7ab77a24, type: 3}
--- !u!1 &8954067762363133235 stripped
GameObject:
  m_CorrespondingSourceObject: {fileID: 7584391049459987825, guid: d509c6e771def1747866354f7ab77a24, type: 3}
  m_PrefabInstance: {fileID: 1513796930404653122}
  m_PrefabAsset: {fileID: 0}
--- !u!4 &7839075554014433124 stripped
Transform:
  m_CorrespondingSourceObject: {fileID: 8776367677550761766, guid: d509c6e771def1747866354f7ab77a24, type: 3}
  m_PrefabInstance: {fileID: 1513796930404653122}
  m_PrefabAsset: {fileID: 0}
--- !u!1001 &3934441266514996939
PrefabInstance:
  m_ObjectHideFlags: 0
  serializedVersion: 2
  m_Modification:
    m_TransformParent: {fileID: 3498215934417151632}
    m_Modifications:
    - target: {fileID: 261024271647087432, guid: cb448703ccba23e43bb3cc8c1567ce25, type: 3}
      propertyPath: m_Name
      value: Table (2)
      objectReference: {fileID: 0}
    - target: {fileID: 7518027775754594245, guid: cb448703ccba23e43bb3cc8c1567ce25, type: 3}
      propertyPath: m_RootOrder
      value: 1
      objectReference: {fileID: 0}
    - target: {fileID: 7518027775754594245, guid: cb448703ccba23e43bb3cc8c1567ce25, type: 3}
      propertyPath: m_LocalScale.x
      value: 1
      objectReference: {fileID: 0}
    - target: {fileID: 7518027775754594245, guid: cb448703ccba23e43bb3cc8c1567ce25, type: 3}
      propertyPath: m_LocalScale.y
      value: 1
      objectReference: {fileID: 0}
    - target: {fileID: 7518027775754594245, guid: cb448703ccba23e43bb3cc8c1567ce25, type: 3}
      propertyPath: m_LocalScale.z
      value: 1
      objectReference: {fileID: 0}
    - target: {fileID: 7518027775754594245, guid: cb448703ccba23e43bb3cc8c1567ce25, type: 3}
      propertyPath: m_LocalPosition.x
      value: -0.0008290882
      objectReference: {fileID: 0}
    - target: {fileID: 7518027775754594245, guid: cb448703ccba23e43bb3cc8c1567ce25, type: 3}
      propertyPath: m_LocalPosition.y
      value: 0.004999933
      objectReference: {fileID: 0}
    - target: {fileID: 7518027775754594245, guid: cb448703ccba23e43bb3cc8c1567ce25, type: 3}
      propertyPath: m_LocalPosition.z
      value: -0.010500007
      objectReference: {fileID: 0}
    - target: {fileID: 7518027775754594245, guid: cb448703ccba23e43bb3cc8c1567ce25, type: 3}
      propertyPath: m_LocalRotation.w
      value: -1
      objectReference: {fileID: 0}
    - target: {fileID: 7518027775754594245, guid: cb448703ccba23e43bb3cc8c1567ce25, type: 3}
      propertyPath: m_LocalRotation.x
      value: -0.00000020861576
      objectReference: {fileID: 0}
    - target: {fileID: 7518027775754594245, guid: cb448703ccba23e43bb3cc8c1567ce25, type: 3}
      propertyPath: m_LocalRotation.y
      value: 0.0000001591261
      objectReference: {fileID: 0}
    - target: {fileID: 7518027775754594245, guid: cb448703ccba23e43bb3cc8c1567ce25, type: 3}
      propertyPath: m_LocalRotation.z
      value: 0.000004772055
      objectReference: {fileID: 0}
    - target: {fileID: 7518027775754594245, guid: cb448703ccba23e43bb3cc8c1567ce25, type: 3}
      propertyPath: m_LocalEulerAnglesHint.x
      value: 0
      objectReference: {fileID: 0}
    - target: {fileID: 7518027775754594245, guid: cb448703ccba23e43bb3cc8c1567ce25, type: 3}
      propertyPath: m_LocalEulerAnglesHint.y
      value: 0
      objectReference: {fileID: 0}
    - target: {fileID: 7518027775754594245, guid: cb448703ccba23e43bb3cc8c1567ce25, type: 3}
      propertyPath: m_LocalEulerAnglesHint.z
      value: 0
      objectReference: {fileID: 0}
    m_RemovedComponents: []
  m_SourcePrefab: {fileID: 100100000, guid: cb448703ccba23e43bb3cc8c1567ce25, type: 3}
--- !u!4 &6831000840679770382 stripped
Transform:
  m_CorrespondingSourceObject: {fileID: 7518027775754594245, guid: cb448703ccba23e43bb3cc8c1567ce25, type: 3}
  m_PrefabInstance: {fileID: 3934441266514996939}
  m_PrefabAsset: {fileID: 0}
--- !u!1001 &5609610166480215921
PrefabInstance:
  m_ObjectHideFlags: 0
  serializedVersion: 2
  m_Modification:
    m_TransformParent: {fileID: 3498215934417151632}
    m_Modifications:
    - target: {fileID: 7584391049459987825, guid: d509c6e771def1747866354f7ab77a24, type: 3}
      propertyPath: m_Name
      value: Window1 (4)
      objectReference: {fileID: 0}
    - target: {fileID: 8724483399159351180, guid: d509c6e771def1747866354f7ab77a24, type: 3}
      propertyPath: m_CastShadows
      value: 0
      objectReference: {fileID: 0}
    - target: {fileID: 8776367677550761766, guid: d509c6e771def1747866354f7ab77a24, type: 3}
      propertyPath: m_RootOrder
      value: 0
      objectReference: {fileID: 0}
    - target: {fileID: 8776367677550761766, guid: d509c6e771def1747866354f7ab77a24, type: 3}
      propertyPath: m_LocalScale.x
      value: 0.8464501
      objectReference: {fileID: 0}
    - target: {fileID: 8776367677550761766, guid: d509c6e771def1747866354f7ab77a24, type: 3}
      propertyPath: m_LocalScale.y
      value: 1
      objectReference: {fileID: 0}
    - target: {fileID: 8776367677550761766, guid: d509c6e771def1747866354f7ab77a24, type: 3}
      propertyPath: m_LocalScale.z
      value: 1.1067
      objectReference: {fileID: 0}
    - target: {fileID: 8776367677550761766, guid: d509c6e771def1747866354f7ab77a24, type: 3}
      propertyPath: m_LocalPosition.x
      value: -0.0701
      objectReference: {fileID: 0}
    - target: {fileID: 8776367677550761766, guid: d509c6e771def1747866354f7ab77a24, type: 3}
      propertyPath: m_LocalPosition.y
      value: 0.0244
      objectReference: {fileID: 0}
    - target: {fileID: 8776367677550761766, guid: d509c6e771def1747866354f7ab77a24, type: 3}
      propertyPath: m_LocalPosition.z
      value: 0.0101
      objectReference: {fileID: 0}
    - target: {fileID: 8776367677550761766, guid: d509c6e771def1747866354f7ab77a24, type: 3}
      propertyPath: m_LocalRotation.w
      value: 0.70710474
      objectReference: {fileID: 0}
    - target: {fileID: 8776367677550761766, guid: d509c6e771def1747866354f7ab77a24, type: 3}
      propertyPath: m_LocalRotation.x
      value: 0.00000009313099
      objectReference: {fileID: 0}
    - target: {fileID: 8776367677550761766, guid: d509c6e771def1747866354f7ab77a24, type: 3}
      propertyPath: m_LocalRotation.y
      value: -0.0000005066394
      objectReference: {fileID: 0}
    - target: {fileID: 8776367677550761766, guid: d509c6e771def1747866354f7ab77a24, type: 3}
      propertyPath: m_LocalRotation.z
      value: 0.707109
      objectReference: {fileID: 0}
    - target: {fileID: 8776367677550761766, guid: d509c6e771def1747866354f7ab77a24, type: 3}
      propertyPath: m_LocalEulerAnglesHint.x
      value: 0
      objectReference: {fileID: 0}
    - target: {fileID: 8776367677550761766, guid: d509c6e771def1747866354f7ab77a24, type: 3}
      propertyPath: m_LocalEulerAnglesHint.y
      value: 0
      objectReference: {fileID: 0}
    - target: {fileID: 8776367677550761766, guid: d509c6e771def1747866354f7ab77a24, type: 3}
      propertyPath: m_LocalEulerAnglesHint.z
      value: -270
      objectReference: {fileID: 0}
    m_RemovedComponents: []
  m_SourcePrefab: {fileID: 100100000, guid: d509c6e771def1747866354f7ab77a24, type: 3}
--- !u!1 &2636995847322069504 stripped
GameObject:
  m_CorrespondingSourceObject: {fileID: 7584391049459987825, guid: d509c6e771def1747866354f7ab77a24, type: 3}
  m_PrefabInstance: {fileID: 5609610166480215921}
  m_PrefabAsset: {fileID: 0}
--- !u!4 &3752269655203055703 stripped
Transform:
  m_CorrespondingSourceObject: {fileID: 8776367677550761766, guid: d509c6e771def1747866354f7ab77a24, type: 3}
  m_PrefabInstance: {fileID: 5609610166480215921}
  m_PrefabAsset: {fileID: 0}
--- !u!1001 &6565868719502148645
PrefabInstance:
  m_ObjectHideFlags: 0
  serializedVersion: 2
  m_Modification:
    m_TransformParent: {fileID: 3498215934417151632}
    m_Modifications:
    - target: {fileID: 746454693999014280, guid: 5ee1b86172446714483cf7a2ea3a41cf, type: 3}
      propertyPath: m_Name
      value: Monitor (1)
      objectReference: {fileID: 0}
    - target: {fileID: 6566517353589896369, guid: 5ee1b86172446714483cf7a2ea3a41cf, type: 3}
      propertyPath: m_RootOrder
      value: 4
      objectReference: {fileID: 0}
    - target: {fileID: 6566517353589896369, guid: 5ee1b86172446714483cf7a2ea3a41cf, type: 3}
      propertyPath: m_LocalScale.x
      value: 1
      objectReference: {fileID: 0}
    - target: {fileID: 6566517353589896369, guid: 5ee1b86172446714483cf7a2ea3a41cf, type: 3}
      propertyPath: m_LocalScale.y
      value: 1
      objectReference: {fileID: 0}
    - target: {fileID: 6566517353589896369, guid: 5ee1b86172446714483cf7a2ea3a41cf, type: 3}
      propertyPath: m_LocalScale.z
      value: 1
      objectReference: {fileID: 0}
    - target: {fileID: 6566517353589896369, guid: 5ee1b86172446714483cf7a2ea3a41cf, type: 3}
      propertyPath: m_LocalPosition.x
      value: -0.0019291017
      objectReference: {fileID: 0}
    - target: {fileID: 6566517353589896369, guid: 5ee1b86172446714483cf7a2ea3a41cf, type: 3}
      propertyPath: m_LocalPosition.y
      value: 0.0025999956
      objectReference: {fileID: 0}
    - target: {fileID: 6566517353589896369, guid: 5ee1b86172446714483cf7a2ea3a41cf, type: 3}
      propertyPath: m_LocalPosition.z
      value: -0.001400027
      objectReference: {fileID: 0}
    - target: {fileID: 6566517353589896369, guid: 5ee1b86172446714483cf7a2ea3a41cf, type: 3}
      propertyPath: m_LocalRotation.w
      value: 0.25882
      objectReference: {fileID: 0}
    - target: {fileID: 6566517353589896369, guid: 5ee1b86172446714483cf7a2ea3a41cf, type: 3}
      propertyPath: m_LocalRotation.x
      value: -0.0000000694173
      objectReference: {fileID: 0}
    - target: {fileID: 6566517353589896369, guid: 5ee1b86172446714483cf7a2ea3a41cf, type: 3}
      propertyPath: m_LocalRotation.y
      value: -0.00000020861626
      objectReference: {fileID: 0}
    - target: {fileID: 6566517353589896369, guid: 5ee1b86172446714483cf7a2ea3a41cf, type: 3}
      propertyPath: m_LocalRotation.z
      value: 0.96592563
      objectReference: {fileID: 0}
    - target: {fileID: 6566517353589896369, guid: 5ee1b86172446714483cf7a2ea3a41cf, type: 3}
      propertyPath: m_LocalEulerAnglesHint.x
      value: 0
      objectReference: {fileID: 0}
    - target: {fileID: 6566517353589896369, guid: 5ee1b86172446714483cf7a2ea3a41cf, type: 3}
      propertyPath: m_LocalEulerAnglesHint.y
      value: 0
      objectReference: {fileID: 0}
    - target: {fileID: 6566517353589896369, guid: 5ee1b86172446714483cf7a2ea3a41cf, type: 3}
      propertyPath: m_LocalEulerAnglesHint.z
      value: -210
      objectReference: {fileID: 0}
    m_RemovedComponents: []
  m_SourcePrefab: {fileID: 100100000, guid: 5ee1b86172446714483cf7a2ea3a41cf, type: 3}
--- !u!4 &17542081424634004 stripped
Transform:
  m_CorrespondingSourceObject: {fileID: 6566517353589896369, guid: 5ee1b86172446714483cf7a2ea3a41cf, type: 3}
  m_PrefabInstance: {fileID: 6565868719502148645}
  m_PrefabAsset: {fileID: 0}
--- !u!1001 &7938139294192331053
PrefabInstance:
  m_ObjectHideFlags: 0
  serializedVersion: 2
  m_Modification:
    m_TransformParent: {fileID: 3498215934417151632}
    m_Modifications:
    - target: {fileID: 2843873408295389577, guid: d311d63a41c728c4cae53066a23020d8, type: 3}
      propertyPath: m_RootOrder
      value: 6
      objectReference: {fileID: 0}
    - target: {fileID: 2843873408295389577, guid: d311d63a41c728c4cae53066a23020d8, type: 3}
      propertyPath: m_LocalScale.x
      value: 1
      objectReference: {fileID: 0}
    - target: {fileID: 2843873408295389577, guid: d311d63a41c728c4cae53066a23020d8, type: 3}
      propertyPath: m_LocalScale.y
      value: 1
      objectReference: {fileID: 0}
    - target: {fileID: 2843873408295389577, guid: d311d63a41c728c4cae53066a23020d8, type: 3}
      propertyPath: m_LocalScale.z
      value: 1
      objectReference: {fileID: 0}
    - target: {fileID: 2843873408295389577, guid: d311d63a41c728c4cae53066a23020d8, type: 3}
      propertyPath: m_LocalPosition.x
      value: 0.021221299
      objectReference: {fileID: 0}
    - target: {fileID: 2843873408295389577, guid: d311d63a41c728c4cae53066a23020d8, type: 3}
      propertyPath: m_LocalPosition.y
      value: -0.0011507478
      objectReference: {fileID: 0}
    - target: {fileID: 2843873408295389577, guid: d311d63a41c728c4cae53066a23020d8, type: 3}
      propertyPath: m_LocalPosition.z
      value: -0.01029998
      objectReference: {fileID: 0}
    - target: {fileID: 2843873408295389577, guid: d311d63a41c728c4cae53066a23020d8, type: 3}
      propertyPath: m_LocalRotation.w
      value: -0.7071037
      objectReference: {fileID: 0}
    - target: {fileID: 2843873408295389577, guid: d311d63a41c728c4cae53066a23020d8, type: 3}
      propertyPath: m_LocalRotation.x
      value: -0.00000008568168
      objectReference: {fileID: 0}
    - target: {fileID: 2843873408295389577, guid: d311d63a41c728c4cae53066a23020d8, type: 3}
      propertyPath: m_LocalRotation.y
      value: -0.00000008940697
      objectReference: {fileID: 0}
    - target: {fileID: 2843873408295389577, guid: d311d63a41c728c4cae53066a23020d8, type: 3}
      propertyPath: m_LocalRotation.z
      value: 0.70710987
      objectReference: {fileID: 0}
    - target: {fileID: 2843873408295389577, guid: d311d63a41c728c4cae53066a23020d8, type: 3}
      propertyPath: m_LocalEulerAnglesHint.x
      value: 0
      objectReference: {fileID: 0}
    - target: {fileID: 2843873408295389577, guid: d311d63a41c728c4cae53066a23020d8, type: 3}
      propertyPath: m_LocalEulerAnglesHint.y
      value: 0
      objectReference: {fileID: 0}
    - target: {fileID: 2843873408295389577, guid: d311d63a41c728c4cae53066a23020d8, type: 3}
      propertyPath: m_LocalEulerAnglesHint.z
      value: -90.001
      objectReference: {fileID: 0}
    - target: {fileID: 3166547508648704307, guid: d311d63a41c728c4cae53066a23020d8, type: 3}
      propertyPath: m_Name
      value: Chair (3)
      objectReference: {fileID: 0}
    m_RemovedComponents:
    - {fileID: 7191836290892537134, guid: d311d63a41c728c4cae53066a23020d8, type: 3}
  m_SourcePrefab: {fileID: 100100000, guid: d311d63a41c728c4cae53066a23020d8, type: 3}
--- !u!1 &5032835873662570526 stripped
GameObject:
  m_CorrespondingSourceObject: {fileID: 3166547508648704307, guid: d311d63a41c728c4cae53066a23020d8, type: 3}
  m_PrefabInstance: {fileID: 7938139294192331053}
  m_PrefabAsset: {fileID: 0}
--- !u!4 &5286830607979454628 stripped
Transform:
  m_CorrespondingSourceObject: {fileID: 2843873408295389577, guid: d311d63a41c728c4cae53066a23020d8, type: 3}
  m_PrefabInstance: {fileID: 7938139294192331053}
  m_PrefabAsset: {fileID: 0}
--- !u!1001 &8271547904473103469
PrefabInstance:
  m_ObjectHideFlags: 0
  serializedVersion: 2
  m_Modification:
    m_TransformParent: {fileID: 3498215934417151632}
    m_Modifications:
    - target: {fileID: 5911295627739189727, guid: aa9f6912d98132c469b27d8297a436c0, type: 3}
      propertyPath: m_Size.x
      value: 0.010000005
      objectReference: {fileID: 0}
    - target: {fileID: 5911295627739189727, guid: aa9f6912d98132c469b27d8297a436c0, type: 3}
      propertyPath: m_Size.y
      value: 0.010000003
      objectReference: {fileID: 0}
    - target: {fileID: 5911295627739189727, guid: aa9f6912d98132c469b27d8297a436c0, type: 3}
      propertyPath: m_Size.z
      value: 0.010000002
      objectReference: {fileID: 0}
    - target: {fileID: 5911295627739189727, guid: aa9f6912d98132c469b27d8297a436c0, type: 3}
      propertyPath: m_Center.x
      value: -0.000000059604645
      objectReference: {fileID: 0}
    - target: {fileID: 5911295627739189727, guid: aa9f6912d98132c469b27d8297a436c0, type: 3}
      propertyPath: m_Center.y
      value: 0.000000029802322
      objectReference: {fileID: 0}
    - target: {fileID: 5911295627739189727, guid: aa9f6912d98132c469b27d8297a436c0, type: 3}
      propertyPath: m_Center.z
      value: -0.000000006519258
      objectReference: {fileID: 0}
    - target: {fileID: 7566820233081924178, guid: aa9f6912d98132c469b27d8297a436c0, type: 3}
      propertyPath: m_RootOrder
      value: 9
      objectReference: {fileID: 0}
    - target: {fileID: 7566820233081924178, guid: aa9f6912d98132c469b27d8297a436c0, type: 3}
      propertyPath: m_LocalScale.x
      value: 0.6160201
      objectReference: {fileID: 0}
    - target: {fileID: 7566820233081924178, guid: aa9f6912d98132c469b27d8297a436c0, type: 3}
      propertyPath: m_LocalScale.y
      value: 0.6160198
      objectReference: {fileID: 0}
    - target: {fileID: 7566820233081924178, guid: aa9f6912d98132c469b27d8297a436c0, type: 3}
      propertyPath: m_LocalScale.z
      value: 0.61602
      objectReference: {fileID: 0}
    - target: {fileID: 7566820233081924178, guid: aa9f6912d98132c469b27d8297a436c0, type: 3}
      propertyPath: m_LocalPosition.x
      value: -0.0593
      objectReference: {fileID: 0}
    - target: {fileID: 7566820233081924178, guid: aa9f6912d98132c469b27d8297a436c0, type: 3}
      propertyPath: m_LocalPosition.y
      value: 0.0236
      objectReference: {fileID: 0}
    - target: {fileID: 7566820233081924178, guid: aa9f6912d98132c469b27d8297a436c0, type: 3}
      propertyPath: m_LocalPosition.z
      value: -0.007
      objectReference: {fileID: 0}
    - target: {fileID: 7566820233081924178, guid: aa9f6912d98132c469b27d8297a436c0, type: 3}
      propertyPath: m_LocalRotation.w
      value: 0.99943864
      objectReference: {fileID: 0}
    - target: {fileID: 7566820233081924178, guid: aa9f6912d98132c469b27d8297a436c0, type: 3}
      propertyPath: m_LocalRotation.x
      value: 0.00000017899032
      objectReference: {fileID: 0}
    - target: {fileID: 7566820233081924178, guid: aa9f6912d98132c469b27d8297a436c0, type: 3}
      propertyPath: m_LocalRotation.y
      value: -0.000000048428774
      objectReference: {fileID: 0}
    - target: {fileID: 7566820233081924178, guid: aa9f6912d98132c469b27d8297a436c0, type: 3}
      propertyPath: m_LocalRotation.z
      value: 0.033503395
      objectReference: {fileID: 0}
    - target: {fileID: 7566820233081924178, guid: aa9f6912d98132c469b27d8297a436c0, type: 3}
      propertyPath: m_LocalEulerAnglesHint.x
      value: 0
      objectReference: {fileID: 0}
    - target: {fileID: 7566820233081924178, guid: aa9f6912d98132c469b27d8297a436c0, type: 3}
      propertyPath: m_LocalEulerAnglesHint.y
      value: 0
      objectReference: {fileID: 0}
    - target: {fileID: 7566820233081924178, guid: aa9f6912d98132c469b27d8297a436c0, type: 3}
      propertyPath: m_LocalEulerAnglesHint.z
      value: 3.84
      objectReference: {fileID: 0}
    - target: {fileID: 7857628727174615122, guid: aa9f6912d98132c469b27d8297a436c0, type: 3}
      propertyPath: money.x
      value: 0
      objectReference: {fileID: 0}
    - target: {fileID: 8755842998251971357, guid: aa9f6912d98132c469b27d8297a436c0, type: 3}
      propertyPath: m_Name
      value: Box (7)
      objectReference: {fileID: 0}
    m_RemovedComponents: []
  m_SourcePrefab: {fileID: 100100000, guid: aa9f6912d98132c469b27d8297a436c0, type: 3}
--- !u!4 &2002076636113589823 stripped
Transform:
  m_CorrespondingSourceObject: {fileID: 7566820233081924178, guid: aa9f6912d98132c469b27d8297a436c0, type: 3}
  m_PrefabInstance: {fileID: 8271547904473103469}
  m_PrefabAsset: {fileID: 0}
--- !u!1001 &8841973824601717058
PrefabInstance:
  m_ObjectHideFlags: 0
  serializedVersion: 2
  m_Modification:
    m_TransformParent: {fileID: 3498215934417151632}
    m_Modifications:
    - target: {fileID: 261024271647087432, guid: cb448703ccba23e43bb3cc8c1567ce25, type: 3}
      propertyPath: m_Name
      value: Table (3)
      objectReference: {fileID: 0}
    - target: {fileID: 7518027775754594245, guid: cb448703ccba23e43bb3cc8c1567ce25, type: 3}
      propertyPath: m_RootOrder
      value: 5
      objectReference: {fileID: 0}
    - target: {fileID: 7518027775754594245, guid: cb448703ccba23e43bb3cc8c1567ce25, type: 3}
      propertyPath: m_LocalScale.x
      value: 1
      objectReference: {fileID: 0}
    - target: {fileID: 7518027775754594245, guid: cb448703ccba23e43bb3cc8c1567ce25, type: 3}
      propertyPath: m_LocalScale.y
      value: 1
      objectReference: {fileID: 0}
    - target: {fileID: 7518027775754594245, guid: cb448703ccba23e43bb3cc8c1567ce25, type: 3}
      propertyPath: m_LocalScale.z
      value: 1
      objectReference: {fileID: 0}
    - target: {fileID: 7518027775754594245, guid: cb448703ccba23e43bb3cc8c1567ce25, type: 3}
      propertyPath: m_LocalPosition.x
      value: 0.014170856
      objectReference: {fileID: 0}
    - target: {fileID: 7518027775754594245, guid: cb448703ccba23e43bb3cc8c1567ce25, type: 3}
      propertyPath: m_LocalPosition.y
      value: -0.00000019418076
      objectReference: {fileID: 0}
    - target: {fileID: 7518027775754594245, guid: cb448703ccba23e43bb3cc8c1567ce25, type: 3}
      propertyPath: m_LocalPosition.z
      value: -0.010500009
      objectReference: {fileID: 0}
    - target: {fileID: 7518027775754594245, guid: cb448703ccba23e43bb3cc8c1567ce25, type: 3}
      propertyPath: m_LocalRotation.w
      value: -0.7071036
      objectReference: {fileID: 0}
    - target: {fileID: 7518027775754594245, guid: cb448703ccba23e43bb3cc8c1567ce25, type: 3}
      propertyPath: m_LocalRotation.x
      value: -0.00000023469329
      objectReference: {fileID: 0}
    - target: {fileID: 7518027775754594245, guid: cb448703ccba23e43bb3cc8c1567ce25, type: 3}
      propertyPath: m_LocalRotation.y
      value: -0.00000008940697
      objectReference: {fileID: 0}
    - target: {fileID: 7518027775754594245, guid: cb448703ccba23e43bb3cc8c1567ce25, type: 3}
      propertyPath: m_LocalRotation.z
      value: 0.70711005
      objectReference: {fileID: 0}
    - target: {fileID: 7518027775754594245, guid: cb448703ccba23e43bb3cc8c1567ce25, type: 3}
      propertyPath: m_LocalEulerAnglesHint.x
      value: 0
      objectReference: {fileID: 0}
    - target: {fileID: 7518027775754594245, guid: cb448703ccba23e43bb3cc8c1567ce25, type: 3}
      propertyPath: m_LocalEulerAnglesHint.y
      value: 0
      objectReference: {fileID: 0}
    - target: {fileID: 7518027775754594245, guid: cb448703ccba23e43bb3cc8c1567ce25, type: 3}
      propertyPath: m_LocalEulerAnglesHint.z
      value: -90.001
      objectReference: {fileID: 0}
    m_RemovedComponents: []
  m_SourcePrefab: {fileID: 100100000, guid: cb448703ccba23e43bb3cc8c1567ce25, type: 3}
--- !u!4 &1360199472968146567 stripped
Transform:
  m_CorrespondingSourceObject: {fileID: 7518027775754594245, guid: cb448703ccba23e43bb3cc8c1567ce25, type: 3}
  m_PrefabInstance: {fileID: 8841973824601717058}
  m_PrefabAsset: {fileID: 0}
