%YAML 1.1
%TAG !u! tag:unity3d.com,2011:
--- !u!65 &1078096349163855116
BoxCollider:
  m_ObjectHideFlags: 0
  m_CorrespondingSourceObject: {fileID: 0}
  m_PrefabInstance: {fileID: 0}
  m_PrefabAsset: {fileID: 0}
  m_GameObject: {fileID: 3285841096162646833}
  m_Material: {fileID: 0}
  m_IsTrigger: 0
  m_Enabled: 1
  serializedVersion: 2
  m_Size: {x: 0.060000002, y: 0.0009999999, z: 0.040000014}
  m_Center: {x: -5.6843396e-16, y: -0.0004999739, z: -0.0000000027939675}
--- !u!65 &8115159325107772837
BoxCollider:
  m_ObjectHideFlags: 0
  m_CorrespondingSourceObject: {fileID: 0}
  m_PrefabInstance: {fileID: 0}
  m_PrefabAsset: {fileID: 0}
  m_GameObject: {fileID: 4194240500293455569}
  m_Material: {fileID: 0}
  m_IsTrigger: 0
  m_Enabled: 1
  serializedVersion: 2
  m_Size: {x: 0.060000014, y: 0.001, z: 0.04000002}
  m_Center: {x: -5.6843396e-16, y: -0.0004999814, z: -0.000000002793968}
--- !u!1 &4701137705456586633
GameObject:
  m_ObjectHideFlags: 0
  m_CorrespondingSourceObject: {fileID: 0}
  m_PrefabInstance: {fileID: 0}
  m_PrefabAsset: {fileID: 0}
  serializedVersion: 6
  m_Component:
  - component: {fileID: 1594942012093698709}
  - component: {fileID: 2581729036697045014}
  - component: {fileID: 1583750041167253519}
  - component: {fileID: 1232950641}
  m_Layer: 0
  m_Name: Room1
  m_TagString: Untagged
  m_Icon: {fileID: 0}
  m_NavMeshLayer: 0
  m_StaticEditorFlags: 0
  m_IsActive: 1
--- !u!4 &1594942012093698709
Transform:
  m_ObjectHideFlags: 0
  m_CorrespondingSourceObject: {fileID: 0}
  m_PrefabInstance: {fileID: 0}
  m_PrefabAsset: {fileID: 0}
  m_GameObject: {fileID: 4701137705456586633}
  m_LocalRotation: {x: 0, y: 0.7069834, z: 0.7072302, w: 0}
  m_LocalPosition: {x: 0, y: 0, z: 10.2}
  m_LocalScale: {x: 100, y: 99.999985, z: 99.999985}
  m_Children:
  - {fileID: 8315579373119979821}
  - {fileID: 6988478459719751964}
  - {fileID: 6988478459088169203}
  - {fileID: 7401700564499547942}
  - {fileID: 1608442038950130514}
  - {fileID: 65291559648036914}
  - {fileID: 4356037946904512765}
  - {fileID: 3079951000402439302}
  - {fileID: 7518770510701305244}
  - {fileID: 7521804636532849250}
  - {fileID: 4400975128359565670}
  m_Father: {fileID: 0}
  m_RootOrder: 0
  m_LocalEulerAnglesHint: {x: -89.98, y: 0, z: 180}
--- !u!33 &2581729036697045014
MeshFilter:
  m_ObjectHideFlags: 0
  m_CorrespondingSourceObject: {fileID: 0}
  m_PrefabInstance: {fileID: 0}
  m_PrefabAsset: {fileID: 0}
  m_GameObject: {fileID: 4701137705456586633}
  m_Mesh: {fileID: 8385836491182413749, guid: 2c3ab65717db37141ab798157cb4ba1f, type: 3}
--- !u!23 &1583750041167253519
MeshRenderer:
  m_ObjectHideFlags: 0
  m_CorrespondingSourceObject: {fileID: 0}
  m_PrefabInstance: {fileID: 0}
  m_PrefabAsset: {fileID: 0}
  m_GameObject: {fileID: 4701137705456586633}
  m_Enabled: 1
  m_CastShadows: 1
  m_ReceiveShadows: 1
  m_DynamicOccludee: 1
  m_MotionVectors: 1
  m_LightProbeUsage: 1
  m_ReflectionProbeUsage: 1
  m_RayTracingMode: 2
  m_RayTraceProcedural: 0
  m_RenderingLayerMask: 1
  m_RendererPriority: 0
  m_Materials:
  - {fileID: 2100000, guid: 639fa025c6516e64bac15560361f00a4, type: 2}
  - {fileID: 2100000, guid: 7b8e774334379434598415cc58227fc2, type: 2}
  m_StaticBatchInfo:
    firstSubMesh: 0
    subMeshCount: 0
  m_StaticBatchRoot: {fileID: 0}
  m_ProbeAnchor: {fileID: 0}
  m_LightProbeVolumeOverride: {fileID: 0}
  m_ScaleInLightmap: 1
  m_ReceiveGI: 1
  m_PreserveUVs: 0
  m_IgnoreNormalsForChartDetection: 0
  m_ImportantGI: 0
  m_StitchLightmapSeams: 1
  m_SelectedEditorRenderState: 3
  m_MinimumChartSize: 4
  m_AutoUVMaxDistance: 0.5
  m_AutoUVMaxAngle: 89
  m_LightmapParameters: {fileID: 0}
  m_SortingLayerID: 0
  m_SortingLayer: 0
  m_SortingOrder: 0
  m_AdditionalVertexStreams: {fileID: 0}
--- !u!64 &1232950641
MeshCollider:
  m_ObjectHideFlags: 0
  m_CorrespondingSourceObject: {fileID: 0}
  m_PrefabInstance: {fileID: 0}
  m_PrefabAsset: {fileID: 0}
  m_GameObject: {fileID: 4701137705456586633}
  m_Material: {fileID: 0}
  m_IsTrigger: 0
  m_Enabled: 1
  serializedVersion: 4
  m_Convex: 0
  m_CookingOptions: 30
  m_Mesh: {fileID: 8385836491182413749, guid: 2c3ab65717db37141ab798157cb4ba1f, type: 3}
--- !u!1001 &720205166631797409
PrefabInstance:
  m_ObjectHideFlags: 0
  serializedVersion: 2
  m_Modification:
    m_TransformParent: {fileID: 1594942012093698709}
    m_Modifications:
    - target: {fileID: 7566820233081924178, guid: aa9f6912d98132c469b27d8297a436c0, type: 3}
      propertyPath: m_RootOrder
      value: 2
      objectReference: {fileID: 0}
    - target: {fileID: 7566820233081924178, guid: aa9f6912d98132c469b27d8297a436c0, type: 3}
      propertyPath: m_LocalScale.x
      value: 0.6160201
      objectReference: {fileID: 0}
    - target: {fileID: 7566820233081924178, guid: aa9f6912d98132c469b27d8297a436c0, type: 3}
      propertyPath: m_LocalScale.y
      value: 0.61601996
      objectReference: {fileID: 0}
    - target: {fileID: 7566820233081924178, guid: aa9f6912d98132c469b27d8297a436c0, type: 3}
      propertyPath: m_LocalScale.z
      value: 0.6160201
      objectReference: {fileID: 0}
    - target: {fileID: 7566820233081924178, guid: aa9f6912d98132c469b27d8297a436c0, type: 3}
      propertyPath: m_LocalPosition.x
      value: 0.0302
      objectReference: {fileID: 0}
    - target: {fileID: 7566820233081924178, guid: aa9f6912d98132c469b27d8297a436c0, type: 3}
      propertyPath: m_LocalPosition.y
      value: 0.0446
      objectReference: {fileID: 0}
    - target: {fileID: 7566820233081924178, guid: aa9f6912d98132c469b27d8297a436c0, type: 3}
      propertyPath: m_LocalPosition.z
      value: -0.0069
      objectReference: {fileID: 0}
    - target: {fileID: 7566820233081924178, guid: aa9f6912d98132c469b27d8297a436c0, type: 3}
      propertyPath: m_LocalRotation.w
      value: 0.98550284
      objectReference: {fileID: 0}
    - target: {fileID: 7566820233081924178, guid: aa9f6912d98132c469b27d8297a436c0, type: 3}
      propertyPath: m_LocalRotation.x
      value: 0.00000008940697
      objectReference: {fileID: 0}
    - target: {fileID: 7566820233081924178, guid: aa9f6912d98132c469b27d8297a436c0, type: 3}
      propertyPath: m_LocalRotation.y
      value: 0.00000021606684
      objectReference: {fileID: 0}
    - target: {fileID: 7566820233081924178, guid: aa9f6912d98132c469b27d8297a436c0, type: 3}
      propertyPath: m_LocalRotation.z
      value: -0.16965897
      objectReference: {fileID: 0}
    - target: {fileID: 7566820233081924178, guid: aa9f6912d98132c469b27d8297a436c0, type: 3}
      propertyPath: m_LocalEulerAnglesHint.x
      value: 0
      objectReference: {fileID: 0}
    - target: {fileID: 7566820233081924178, guid: aa9f6912d98132c469b27d8297a436c0, type: 3}
      propertyPath: m_LocalEulerAnglesHint.y
      value: 0
      objectReference: {fileID: 0}
    - target: {fileID: 7566820233081924178, guid: aa9f6912d98132c469b27d8297a436c0, type: 3}
      propertyPath: m_LocalEulerAnglesHint.z
      value: -19.536
      objectReference: {fileID: 0}
    - target: {fileID: 7857628727174615122, guid: aa9f6912d98132c469b27d8297a436c0, type: 3}
      propertyPath: money.x
      value: 0
      objectReference: {fileID: 0}
    - target: {fileID: 8755842998251971357, guid: aa9f6912d98132c469b27d8297a436c0, type: 3}
      propertyPath: m_Name
      value: Box (3)
      objectReference: {fileID: 0}
    m_RemovedComponents: []
  m_SourcePrefab: {fileID: 100100000, guid: aa9f6912d98132c469b27d8297a436c0, type: 3}
--- !u!4 &6988478459088169203 stripped
Transform:
  m_CorrespondingSourceObject: {fileID: 7566820233081924178, guid: aa9f6912d98132c469b27d8297a436c0, type: 3}
  m_PrefabInstance: {fileID: 720205166631797409}
  m_PrefabAsset: {fileID: 0}
--- !u!1001 &720205167529997134
PrefabInstance:
  m_ObjectHideFlags: 0
  serializedVersion: 2
  m_Modification:
    m_TransformParent: {fileID: 1594942012093698709}
    m_Modifications:
    - target: {fileID: 7566820233081924178, guid: aa9f6912d98132c469b27d8297a436c0, type: 3}
      propertyPath: m_RootOrder
      value: 1
      objectReference: {fileID: 0}
    - target: {fileID: 7566820233081924178, guid: aa9f6912d98132c469b27d8297a436c0, type: 3}
      propertyPath: m_LocalScale.x
      value: 1
      objectReference: {fileID: 0}
    - target: {fileID: 7566820233081924178, guid: aa9f6912d98132c469b27d8297a436c0, type: 3}
      propertyPath: m_LocalScale.y
      value: 1
      objectReference: {fileID: 0}
    - target: {fileID: 7566820233081924178, guid: aa9f6912d98132c469b27d8297a436c0, type: 3}
      propertyPath: m_LocalScale.z
      value: 1
      objectReference: {fileID: 0}
    - target: {fileID: 7566820233081924178, guid: aa9f6912d98132c469b27d8297a436c0, type: 3}
      propertyPath: m_LocalPosition.x
      value: 0.0394
      objectReference: {fileID: 0}
    - target: {fileID: 7566820233081924178, guid: aa9f6912d98132c469b27d8297a436c0, type: 3}
      propertyPath: m_LocalPosition.y
      value: 0.0424
      objectReference: {fileID: 0}
    - target: {fileID: 7566820233081924178, guid: aa9f6912d98132c469b27d8297a436c0, type: 3}
      propertyPath: m_LocalPosition.z
      value: -0.0052
      objectReference: {fileID: 0}
    - target: {fileID: 7566820233081924178, guid: aa9f6912d98132c469b27d8297a436c0, type: 3}
      propertyPath: m_LocalRotation.w
      value: 0.04440728
      objectReference: {fileID: 0}
    - target: {fileID: 7566820233081924178, guid: aa9f6912d98132c469b27d8297a436c0, type: 3}
      propertyPath: m_LocalRotation.x
      value: -0.000000052154068
      objectReference: {fileID: 0}
    - target: {fileID: 7566820233081924178, guid: aa9f6912d98132c469b27d8297a436c0, type: 3}
      propertyPath: m_LocalRotation.y
      value: 0.00000017881395
      objectReference: {fileID: 0}
    - target: {fileID: 7566820233081924178, guid: aa9f6912d98132c469b27d8297a436c0, type: 3}
      propertyPath: m_LocalRotation.z
      value: -0.99901354
      objectReference: {fileID: 0}
    - target: {fileID: 7566820233081924178, guid: aa9f6912d98132c469b27d8297a436c0, type: 3}
      propertyPath: m_LocalEulerAnglesHint.x
      value: 0
      objectReference: {fileID: 0}
    - target: {fileID: 7566820233081924178, guid: aa9f6912d98132c469b27d8297a436c0, type: 3}
      propertyPath: m_LocalEulerAnglesHint.y
      value: 0
      objectReference: {fileID: 0}
    - target: {fileID: 7566820233081924178, guid: aa9f6912d98132c469b27d8297a436c0, type: 3}
      propertyPath: m_LocalEulerAnglesHint.z
      value: 185.09
      objectReference: {fileID: 0}
    - target: {fileID: 7857628727174615122, guid: aa9f6912d98132c469b27d8297a436c0, type: 3}
      propertyPath: money.x
      value: 0
      objectReference: {fileID: 0}
    - target: {fileID: 7857628727174615122, guid: aa9f6912d98132c469b27d8297a436c0, type: 3}
      propertyPath: money.y
      value: 0
      objectReference: {fileID: 0}
    - target: {fileID: 8755842998251971357, guid: aa9f6912d98132c469b27d8297a436c0, type: 3}
      propertyPath: m_Name
      value: Box (2)
      objectReference: {fileID: 0}
    m_RemovedComponents: []
  m_SourcePrefab: {fileID: 100100000, guid: aa9f6912d98132c469b27d8297a436c0, type: 3}
--- !u!4 &6988478459719751964 stripped
Transform:
  m_CorrespondingSourceObject: {fileID: 7566820233081924178, guid: aa9f6912d98132c469b27d8297a436c0, type: 3}
  m_PrefabInstance: {fileID: 720205167529997134}
  m_PrefabAsset: {fileID: 0}
--- !u!1001 &767568870137459157
PrefabInstance:
  m_ObjectHideFlags: 0
  serializedVersion: 2
  m_Modification:
    m_TransformParent: {fileID: 1594942012093698709}
    m_Modifications:
    - target: {fileID: 2052426092874911936, guid: e36fb4a613d163845bcb7ae98f477b2e, type: 3}
      propertyPath: m_Name
      value: Sofa
      objectReference: {fileID: 0}
    - target: {fileID: 8773061225074471160, guid: e36fb4a613d163845bcb7ae98f477b2e, type: 3}
      propertyPath: m_RootOrder
      value: 0
      objectReference: {fileID: 0}
    - target: {fileID: 8773061225074471160, guid: e36fb4a613d163845bcb7ae98f477b2e, type: 3}
      propertyPath: m_LocalScale.x
      value: 1
      objectReference: {fileID: 0}
    - target: {fileID: 8773061225074471160, guid: e36fb4a613d163845bcb7ae98f477b2e, type: 3}
      propertyPath: m_LocalScale.y
      value: 1
      objectReference: {fileID: 0}
    - target: {fileID: 8773061225074471160, guid: e36fb4a613d163845bcb7ae98f477b2e, type: 3}
      propertyPath: m_LocalScale.z
      value: 1
      objectReference: {fileID: 0}
    - target: {fileID: 8773061225074471160, guid: e36fb4a613d163845bcb7ae98f477b2e, type: 3}
      propertyPath: m_LocalPosition.x
      value: -0.0211
      objectReference: {fileID: 0}
    - target: {fileID: 8773061225074471160, guid: e36fb4a613d163845bcb7ae98f477b2e, type: 3}
      propertyPath: m_LocalPosition.y
      value: -0.0256
      objectReference: {fileID: 0}
    - target: {fileID: 8773061225074471160, guid: e36fb4a613d163845bcb7ae98f477b2e, type: 3}
      propertyPath: m_LocalPosition.z
      value: -0.0098
      objectReference: {fileID: 0}
    - target: {fileID: 8773061225074471160, guid: e36fb4a613d163845bcb7ae98f477b2e, type: 3}
      propertyPath: m_LocalRotation.w
      value: 0.7104287
      objectReference: {fileID: 0}
    - target: {fileID: 8773061225074471160, guid: e36fb4a613d163845bcb7ae98f477b2e, type: 3}
      propertyPath: m_LocalRotation.x
      value: 0.00000005960466
      objectReference: {fileID: 0}
    - target: {fileID: 8773061225074471160, guid: e36fb4a613d163845bcb7ae98f477b2e, type: 3}
      propertyPath: m_LocalRotation.y
      value: 0.00000017881396
      objectReference: {fileID: 0}
    - target: {fileID: 8773061225074471160, guid: e36fb4a613d163845bcb7ae98f477b2e, type: 3}
      propertyPath: m_LocalRotation.z
      value: 0.70376915
      objectReference: {fileID: 0}
    - target: {fileID: 8773061225074471160, guid: e36fb4a613d163845bcb7ae98f477b2e, type: 3}
      propertyPath: m_LocalEulerAnglesHint.x
      value: 0
      objectReference: {fileID: 0}
    - target: {fileID: 8773061225074471160, guid: e36fb4a613d163845bcb7ae98f477b2e, type: 3}
      propertyPath: m_LocalEulerAnglesHint.y
      value: 0
      objectReference: {fileID: 0}
    - target: {fileID: 8773061225074471160, guid: e36fb4a613d163845bcb7ae98f477b2e, type: 3}
      propertyPath: m_LocalEulerAnglesHint.z
      value: 89.46
      objectReference: {fileID: 0}
    m_RemovedComponents: []
  m_SourcePrefab: {fileID: 100100000, guid: e36fb4a613d163845bcb7ae98f477b2e, type: 3}
--- !u!4 &8315579373119979821 stripped
Transform:
  m_CorrespondingSourceObject: {fileID: 8773061225074471160, guid: e36fb4a613d163845bcb7ae98f477b2e, type: 3}
  m_PrefabInstance: {fileID: 767568870137459157}
  m_PrefabAsset: {fileID: 0}
--- !u!1001 &1497123303851775380
PrefabInstance:
  m_ObjectHideFlags: 0
  serializedVersion: 2
  m_Modification:
    m_TransformParent: {fileID: 1594942012093698709}
    m_Modifications:
    - target: {fileID: 3220812445313813210, guid: 65092f3c61522c946a47784ebac6cbde, type: 3}
      propertyPath: m_Name
      value: Case (1)
      objectReference: {fileID: 0}
    - target: {fileID: 8250250116393767602, guid: 65092f3c61522c946a47784ebac6cbde, type: 3}
      propertyPath: m_RootOrder
      value: 3
      objectReference: {fileID: 0}
    - target: {fileID: 8250250116393767602, guid: 65092f3c61522c946a47784ebac6cbde, type: 3}
      propertyPath: m_LocalScale.x
      value: 1
      objectReference: {fileID: 0}
    - target: {fileID: 8250250116393767602, guid: 65092f3c61522c946a47784ebac6cbde, type: 3}
      propertyPath: m_LocalScale.y
      value: 1
      objectReference: {fileID: 0}
    - target: {fileID: 8250250116393767602, guid: 65092f3c61522c946a47784ebac6cbde, type: 3}
      propertyPath: m_LocalScale.z
      value: 1
      objectReference: {fileID: 0}
    - target: {fileID: 8250250116393767602, guid: 65092f3c61522c946a47784ebac6cbde, type: 3}
      propertyPath: m_LocalPosition.x
      value: -0.039933335
      objectReference: {fileID: 0}
    - target: {fileID: 8250250116393767602, guid: 65092f3c61522c946a47784ebac6cbde, type: 3}
      propertyPath: m_LocalPosition.y
      value: -0.00772
      objectReference: {fileID: 0}
    - target: {fileID: 8250250116393767602, guid: 65092f3c61522c946a47784ebac6cbde, type: 3}
      propertyPath: m_LocalPosition.z
      value: -0.01
      objectReference: {fileID: 0}
    - target: {fileID: 8250250116393767602, guid: 65092f3c61522c946a47784ebac6cbde, type: 3}
      propertyPath: m_LocalRotation.w
      value: 0.0000028080337
      objectReference: {fileID: 0}
    - target: {fileID: 8250250116393767602, guid: 65092f3c61522c946a47784ebac6cbde, type: 3}
      propertyPath: m_LocalRotation.x
      value: -0.0000000895617
      objectReference: {fileID: 0}
    - target: {fileID: 8250250116393767602, guid: 65092f3c61522c946a47784ebac6cbde, type: 3}
      propertyPath: m_LocalRotation.y
      value: -0.00000005960465
      objectReference: {fileID: 0}
    - target: {fileID: 8250250116393767602, guid: 65092f3c61522c946a47784ebac6cbde, type: 3}
      propertyPath: m_LocalRotation.z
      value: 1
      objectReference: {fileID: 0}
    - target: {fileID: 8250250116393767602, guid: 65092f3c61522c946a47784ebac6cbde, type: 3}
      propertyPath: m_LocalEulerAnglesHint.x
      value: 0
      objectReference: {fileID: 0}
    - target: {fileID: 8250250116393767602, guid: 65092f3c61522c946a47784ebac6cbde, type: 3}
      propertyPath: m_LocalEulerAnglesHint.y
      value: 0
      objectReference: {fileID: 0}
    - target: {fileID: 8250250116393767602, guid: 65092f3c61522c946a47784ebac6cbde, type: 3}
      propertyPath: m_LocalEulerAnglesHint.z
      value: 180
      objectReference: {fileID: 0}
    m_RemovedComponents: []
  m_SourcePrefab: {fileID: 100100000, guid: 65092f3c61522c946a47784ebac6cbde, type: 3}
--- !u!4 &7401700564499547942 stripped
Transform:
  m_CorrespondingSourceObject: {fileID: 8250250116393767602, guid: 65092f3c61522c946a47784ebac6cbde, type: 3}
  m_PrefabInstance: {fileID: 1497123303851775380}
  m_PrefabAsset: {fileID: 0}
--- !u!1001 &2850921087314117051
PrefabInstance:
  m_ObjectHideFlags: 0
  serializedVersion: 2
  m_Modification:
    m_TransformParent: {fileID: 1594942012093698709}
    m_Modifications:
    - target: {fileID: 2843873408295389577, guid: d311d63a41c728c4cae53066a23020d8, type: 3}
      propertyPath: m_RootOrder
      value: 5
      objectReference: {fileID: 0}
    - target: {fileID: 2843873408295389577, guid: d311d63a41c728c4cae53066a23020d8, type: 3}
      propertyPath: m_LocalScale.x
      value: 1
      objectReference: {fileID: 0}
    - target: {fileID: 2843873408295389577, guid: d311d63a41c728c4cae53066a23020d8, type: 3}
      propertyPath: m_LocalScale.y
      value: 1
      objectReference: {fileID: 0}
    - target: {fileID: 2843873408295389577, guid: d311d63a41c728c4cae53066a23020d8, type: 3}
      propertyPath: m_LocalScale.z
      value: 1
      objectReference: {fileID: 0}
    - target: {fileID: 2843873408295389577, guid: d311d63a41c728c4cae53066a23020d8, type: 3}
      propertyPath: m_LocalPosition.x
      value: -0.0159
      objectReference: {fileID: 0}
    - target: {fileID: 2843873408295389577, guid: d311d63a41c728c4cae53066a23020d8, type: 3}
      propertyPath: m_LocalPosition.y
      value: 0.0452
      objectReference: {fileID: 0}
    - target: {fileID: 2843873408295389577, guid: d311d63a41c728c4cae53066a23020d8, type: 3}
      propertyPath: m_LocalPosition.z
      value: -0.01
      objectReference: {fileID: 0}
    - target: {fileID: 2843873408295389577, guid: d311d63a41c728c4cae53066a23020d8, type: 3}
      propertyPath: m_LocalRotation.w
      value: -1
      objectReference: {fileID: 0}
    - target: {fileID: 2843873408295389577, guid: d311d63a41c728c4cae53066a23020d8, type: 3}
      propertyPath: m_LocalRotation.x
      value: 0.000000029802322
      objectReference: {fileID: 0}
    - target: {fileID: 2843873408295389577, guid: d311d63a41c728c4cae53066a23020d8, type: 3}
      propertyPath: m_LocalRotation.y
      value: 0.000000005268703
      objectReference: {fileID: 0}
    - target: {fileID: 2843873408295389577, guid: d311d63a41c728c4cae53066a23020d8, type: 3}
      propertyPath: m_LocalRotation.z
      value: -0.000002934474
      objectReference: {fileID: 0}
    - target: {fileID: 2843873408295389577, guid: d311d63a41c728c4cae53066a23020d8, type: 3}
      propertyPath: m_LocalEulerAnglesHint.x
      value: -90
      objectReference: {fileID: 0}
    - target: {fileID: 2843873408295389577, guid: d311d63a41c728c4cae53066a23020d8, type: 3}
      propertyPath: m_LocalEulerAnglesHint.y
      value: 0
      objectReference: {fileID: 0}
    - target: {fileID: 2843873408295389577, guid: d311d63a41c728c4cae53066a23020d8, type: 3}
      propertyPath: m_LocalEulerAnglesHint.z
      value: -180
      objectReference: {fileID: 0}
    - target: {fileID: 3166547508648704307, guid: d311d63a41c728c4cae53066a23020d8, type: 3}
      propertyPath: m_Name
      value: Chair
      objectReference: {fileID: 0}
    m_RemovedComponents: []
  m_SourcePrefab: {fileID: 100100000, guid: d311d63a41c728c4cae53066a23020d8, type: 3}
--- !u!4 &65291559648036914 stripped
Transform:
  m_CorrespondingSourceObject: {fileID: 2843873408295389577, guid: d311d63a41c728c4cae53066a23020d8, type: 3}
  m_PrefabInstance: {fileID: 2850921087314117051}
  m_PrefabAsset: {fileID: 0}
--- !u!1001 &3494989387774701230
PrefabInstance:
  m_ObjectHideFlags: 0
  serializedVersion: 2
  m_Modification:
    m_TransformParent: {fileID: 1594942012093698709}
    m_Modifications:
    - target: {fileID: 933216242038187603, guid: 1eada3f6f1f8f3b4d98c842dba93ed74, type: 3}
      propertyPath: m_RootOrder
      value: 6
      objectReference: {fileID: 0}
    - target: {fileID: 933216242038187603, guid: 1eada3f6f1f8f3b4d98c842dba93ed74, type: 3}
      propertyPath: m_LocalScale.x
      value: 1
      objectReference: {fileID: 0}
    - target: {fileID: 933216242038187603, guid: 1eada3f6f1f8f3b4d98c842dba93ed74, type: 3}
      propertyPath: m_LocalScale.y
      value: 1
      objectReference: {fileID: 0}
    - target: {fileID: 933216242038187603, guid: 1eada3f6f1f8f3b4d98c842dba93ed74, type: 3}
      propertyPath: m_LocalScale.z
      value: 1
      objectReference: {fileID: 0}
    - target: {fileID: 933216242038187603, guid: 1eada3f6f1f8f3b4d98c842dba93ed74, type: 3}
      propertyPath: m_LocalPosition.x
      value: -0.0039
      objectReference: {fileID: 0}
    - target: {fileID: 933216242038187603, guid: 1eada3f6f1f8f3b4d98c842dba93ed74, type: 3}
      propertyPath: m_LocalPosition.y
      value: 0.0367
      objectReference: {fileID: 0}
    - target: {fileID: 933216242038187603, guid: 1eada3f6f1f8f3b4d98c842dba93ed74, type: 3}
      propertyPath: m_LocalPosition.z
      value: -0.01
      objectReference: {fileID: 0}
    - target: {fileID: 933216242038187603, guid: 1eada3f6f1f8f3b4d98c842dba93ed74, type: 3}
      propertyPath: m_LocalRotation.w
      value: -1
      objectReference: {fileID: 0}
    - target: {fileID: 933216242038187603, guid: 1eada3f6f1f8f3b4d98c842dba93ed74, type: 3}
      propertyPath: m_LocalRotation.x
      value: 0.000000029802322
      objectReference: {fileID: 0}
    - target: {fileID: 933216242038187603, guid: 1eada3f6f1f8f3b4d98c842dba93ed74, type: 3}
      propertyPath: m_LocalRotation.y
      value: 0.000000005268703
      objectReference: {fileID: 0}
    - target: {fileID: 933216242038187603, guid: 1eada3f6f1f8f3b4d98c842dba93ed74, type: 3}
      propertyPath: m_LocalRotation.z
      value: -0.000002934474
      objectReference: {fileID: 0}
    - target: {fileID: 933216242038187603, guid: 1eada3f6f1f8f3b4d98c842dba93ed74, type: 3}
      propertyPath: m_LocalEulerAnglesHint.x
      value: -90
      objectReference: {fileID: 0}
    - target: {fileID: 933216242038187603, guid: 1eada3f6f1f8f3b4d98c842dba93ed74, type: 3}
      propertyPath: m_LocalEulerAnglesHint.y
      value: 0
      objectReference: {fileID: 0}
    - target: {fileID: 933216242038187603, guid: 1eada3f6f1f8f3b4d98c842dba93ed74, type: 3}
      propertyPath: m_LocalEulerAnglesHint.z
      value: -180
      objectReference: {fileID: 0}
    - target: {fileID: 9212100540620887533, guid: 1eada3f6f1f8f3b4d98c842dba93ed74, type: 3}
      propertyPath: m_Name
      value: Computer
      objectReference: {fileID: 0}
    m_RemovedComponents: []
  m_SourcePrefab: {fileID: 100100000, guid: 1eada3f6f1f8f3b4d98c842dba93ed74, type: 3}
--- !u!4 &4356037946904512765 stripped
Transform:
  m_CorrespondingSourceObject: {fileID: 933216242038187603, guid: 1eada3f6f1f8f3b4d98c842dba93ed74, type: 3}
  m_PrefabInstance: {fileID: 3494989387774701230}
  m_PrefabAsset: {fileID: 0}
--- !u!1001 &3708992810999965997
PrefabInstance:
  m_ObjectHideFlags: 0
  serializedVersion: 2
  m_Modification:
    m_TransformParent: {fileID: 1594942012093698709}
    m_Modifications:
    - target: {fileID: 746454693999014280, guid: 5ee1b86172446714483cf7a2ea3a41cf, type: 3}
      propertyPath: m_Name
      value: Monitor
      objectReference: {fileID: 0}
    - target: {fileID: 6566517353589896369, guid: 5ee1b86172446714483cf7a2ea3a41cf, type: 3}
      propertyPath: m_RootOrder
      value: 8
      objectReference: {fileID: 0}
    - target: {fileID: 6566517353589896369, guid: 5ee1b86172446714483cf7a2ea3a41cf, type: 3}
      propertyPath: m_LocalScale.x
      value: 1
      objectReference: {fileID: 0}
    - target: {fileID: 6566517353589896369, guid: 5ee1b86172446714483cf7a2ea3a41cf, type: 3}
      propertyPath: m_LocalScale.y
      value: 1
      objectReference: {fileID: 0}
    - target: {fileID: 6566517353589896369, guid: 5ee1b86172446714483cf7a2ea3a41cf, type: 3}
      propertyPath: m_LocalScale.z
      value: 1
      objectReference: {fileID: 0}
    - target: {fileID: 6566517353589896369, guid: 5ee1b86172446714483cf7a2ea3a41cf, type: 3}
      propertyPath: m_LocalPosition.x
      value: -0.0208
      objectReference: {fileID: 0}
    - target: {fileID: 6566517353589896369, guid: 5ee1b86172446714483cf7a2ea3a41cf, type: 3}
      propertyPath: m_LocalPosition.y
      value: 0.0344
      objectReference: {fileID: 0}
    - target: {fileID: 6566517353589896369, guid: 5ee1b86172446714483cf7a2ea3a41cf, type: 3}
      propertyPath: m_LocalPosition.z
      value: -0.0009
      objectReference: {fileID: 0}
    - target: {fileID: 6566517353589896369, guid: 5ee1b86172446714483cf7a2ea3a41cf, type: 3}
      propertyPath: m_LocalRotation.w
      value: 0
      objectReference: {fileID: 0}
    - target: {fileID: 6566517353589896369, guid: 5ee1b86172446714483cf7a2ea3a41cf, type: 3}
      propertyPath: m_LocalRotation.x
      value: -0
      objectReference: {fileID: 0}
    - target: {fileID: 6566517353589896369, guid: 5ee1b86172446714483cf7a2ea3a41cf, type: 3}
      propertyPath: m_LocalRotation.y
      value: 0.00000014901163
      objectReference: {fileID: 0}
    - target: {fileID: 6566517353589896369, guid: 5ee1b86172446714483cf7a2ea3a41cf, type: 3}
      propertyPath: m_LocalRotation.z
      value: -1
      objectReference: {fileID: 0}
    - target: {fileID: 6566517353589896369, guid: 5ee1b86172446714483cf7a2ea3a41cf, type: 3}
      propertyPath: m_LocalEulerAnglesHint.x
      value: 0
      objectReference: {fileID: 0}
    - target: {fileID: 6566517353589896369, guid: 5ee1b86172446714483cf7a2ea3a41cf, type: 3}
      propertyPath: m_LocalEulerAnglesHint.y
      value: 0
      objectReference: {fileID: 0}
    - target: {fileID: 6566517353589896369, guid: 5ee1b86172446714483cf7a2ea3a41cf, type: 3}
      propertyPath: m_LocalEulerAnglesHint.z
      value: 0
      objectReference: {fileID: 0}
    m_RemovedComponents: []
  m_SourcePrefab: {fileID: 100100000, guid: 5ee1b86172446714483cf7a2ea3a41cf, type: 3}
--- !u!4 &7518770510701305244 stripped
Transform:
  m_CorrespondingSourceObject: {fileID: 6566517353589896369, guid: 5ee1b86172446714483cf7a2ea3a41cf, type: 3}
  m_PrefabInstance: {fileID: 3708992810999965997}
  m_PrefabAsset: {fileID: 0}
--- !u!1001 &4960869370429533760
PrefabInstance:
  m_ObjectHideFlags: 0
  serializedVersion: 2
  m_Modification:
    m_TransformParent: {fileID: 1594942012093698709}
    m_Modifications:
    - target: {fileID: 7584391049459987825, guid: d509c6e771def1747866354f7ab77a24, type: 3}
      propertyPath: m_Name
      value: Window1 (1)
      objectReference: {fileID: 0}
    - target: {fileID: 8724483399159351180, guid: d509c6e771def1747866354f7ab77a24, type: 3}
      propertyPath: m_CastShadows
      value: 0
      objectReference: {fileID: 0}
    - target: {fileID: 8776367677550761766, guid: d509c6e771def1747866354f7ab77a24, type: 3}
      propertyPath: m_RootOrder
      value: 10
      objectReference: {fileID: 0}
    - target: {fileID: 8776367677550761766, guid: d509c6e771def1747866354f7ab77a24, type: 3}
      propertyPath: m_LocalScale.x
      value: 1
      objectReference: {fileID: 0}
    - target: {fileID: 8776367677550761766, guid: d509c6e771def1747866354f7ab77a24, type: 3}
      propertyPath: m_LocalScale.y
      value: 1
      objectReference: {fileID: 0}
    - target: {fileID: 8776367677550761766, guid: d509c6e771def1747866354f7ab77a24, type: 3}
      propertyPath: m_LocalScale.z
      value: 1.1067
      objectReference: {fileID: 0}
    - target: {fileID: 8776367677550761766, guid: d509c6e771def1747866354f7ab77a24, type: 3}
      propertyPath: m_LocalPosition.x
      value: 0.0501
      objectReference: {fileID: 0}
    - target: {fileID: 8776367677550761766, guid: d509c6e771def1747866354f7ab77a24, type: 3}
      propertyPath: m_LocalPosition.y
      value: 0.0192
      objectReference: {fileID: 0}
    - target: {fileID: 8776367677550761766, guid: d509c6e771def1747866354f7ab77a24, type: 3}
      propertyPath: m_LocalPosition.z
      value: 0.0103
      objectReference: {fileID: 0}
    - target: {fileID: 8776367677550761766, guid: d509c6e771def1747866354f7ab77a24, type: 3}
      propertyPath: m_LocalRotation.w
      value: -0.7071078
      objectReference: {fileID: 0}
    - target: {fileID: 8776367677550761766, guid: d509c6e771def1747866354f7ab77a24, type: 3}
      propertyPath: m_LocalRotation.x
      value: -0.00000008940697
      objectReference: {fileID: 0}
    - target: {fileID: 8776367677550761766, guid: d509c6e771def1747866354f7ab77a24, type: 3}
      propertyPath: m_LocalRotation.y
      value: -0.000000029802322
      objectReference: {fileID: 0}
    - target: {fileID: 8776367677550761766, guid: d509c6e771def1747866354f7ab77a24, type: 3}
      propertyPath: m_LocalRotation.z
      value: 0.70710576
      objectReference: {fileID: 0}
    - target: {fileID: 8776367677550761766, guid: d509c6e771def1747866354f7ab77a24, type: 3}
      propertyPath: m_LocalEulerAnglesHint.x
      value: 0
      objectReference: {fileID: 0}
    - target: {fileID: 8776367677550761766, guid: d509c6e771def1747866354f7ab77a24, type: 3}
      propertyPath: m_LocalEulerAnglesHint.y
      value: 0
      objectReference: {fileID: 0}
    - target: {fileID: 8776367677550761766, guid: d509c6e771def1747866354f7ab77a24, type: 3}
      propertyPath: m_LocalEulerAnglesHint.z
      value: -90
      objectReference: {fileID: 0}
    m_RemovedComponents: []
  m_SourcePrefab: {fileID: 100100000, guid: d509c6e771def1747866354f7ab77a24, type: 3}
--- !u!1 &3285841096162646833 stripped
GameObject:
  m_CorrespondingSourceObject: {fileID: 7584391049459987825, guid: d509c6e771def1747866354f7ab77a24, type: 3}
  m_PrefabInstance: {fileID: 4960869370429533760}
  m_PrefabAsset: {fileID: 0}
--- !u!4 &4400975128359565670 stripped
Transform:
  m_CorrespondingSourceObject: {fileID: 8776367677550761766, guid: d509c6e771def1747866354f7ab77a24, type: 3}
  m_PrefabInstance: {fileID: 4960869370429533760}
  m_PrefabAsset: {fileID: 0}
--- !u!1001 &6013929457964465056
PrefabInstance:
  m_ObjectHideFlags: 0
  serializedVersion: 2
  m_Modification:
    m_TransformParent: {fileID: 1594942012093698709}
    m_Modifications:
    - target: {fileID: 7584391049459987825, guid: d509c6e771def1747866354f7ab77a24, type: 3}
      propertyPath: m_Name
      value: Window1
      objectReference: {fileID: 0}
    - target: {fileID: 8776367677550761766, guid: d509c6e771def1747866354f7ab77a24, type: 3}
      propertyPath: m_RootOrder
      value: 7
      objectReference: {fileID: 0}
    - target: {fileID: 8776367677550761766, guid: d509c6e771def1747866354f7ab77a24, type: 3}
      propertyPath: m_LocalScale.x
      value: 1
      objectReference: {fileID: 0}
    - target: {fileID: 8776367677550761766, guid: d509c6e771def1747866354f7ab77a24, type: 3}
      propertyPath: m_LocalScale.y
      value: 1
      objectReference: {fileID: 0}
    - target: {fileID: 8776367677550761766, guid: d509c6e771def1747866354f7ab77a24, type: 3}
      propertyPath: m_LocalScale.z
      value: 1.1518
      objectReference: {fileID: 0}
    - target: {fileID: 8776367677550761766, guid: d509c6e771def1747866354f7ab77a24, type: 3}
      propertyPath: m_LocalPosition.x
      value: -0.050100002
      objectReference: {fileID: 0}
    - target: {fileID: 8776367677550761766, guid: d509c6e771def1747866354f7ab77a24, type: 3}
      propertyPath: m_LocalPosition.y
      value: 0.0199
      objectReference: {fileID: 0}
    - target: {fileID: 8776367677550761766, guid: d509c6e771def1747866354f7ab77a24, type: 3}
      propertyPath: m_LocalPosition.z
      value: 0.011
      objectReference: {fileID: 0}
    - target: {fileID: 8776367677550761766, guid: d509c6e771def1747866354f7ab77a24, type: 3}
      propertyPath: m_LocalRotation.w
      value: -0.7071058
      objectReference: {fileID: 0}
    - target: {fileID: 8776367677550761766, guid: d509c6e771def1747866354f7ab77a24, type: 3}
      propertyPath: m_LocalRotation.x
      value: -0.000000059604645
      objectReference: {fileID: 0}
    - target: {fileID: 8776367677550761766, guid: d509c6e771def1747866354f7ab77a24, type: 3}
      propertyPath: m_LocalRotation.y
      value: 0.000000059604645
      objectReference: {fileID: 0}
    - target: {fileID: 8776367677550761766, guid: d509c6e771def1747866354f7ab77a24, type: 3}
      propertyPath: m_LocalRotation.z
      value: -0.7071078
      objectReference: {fileID: 0}
    - target: {fileID: 8776367677550761766, guid: d509c6e771def1747866354f7ab77a24, type: 3}
      propertyPath: m_LocalEulerAnglesHint.x
      value: -90
      objectReference: {fileID: 0}
    - target: {fileID: 8776367677550761766, guid: d509c6e771def1747866354f7ab77a24, type: 3}
      propertyPath: m_LocalEulerAnglesHint.y
      value: 0
      objectReference: {fileID: 0}
    - target: {fileID: 8776367677550761766, guid: d509c6e771def1747866354f7ab77a24, type: 3}
      propertyPath: m_LocalEulerAnglesHint.z
      value: -90
      objectReference: {fileID: 0}
    m_RemovedComponents: []
  m_SourcePrefab: {fileID: 100100000, guid: d509c6e771def1747866354f7ab77a24, type: 3}
--- !u!1 &4194240500293455569 stripped
GameObject:
  m_CorrespondingSourceObject: {fileID: 7584391049459987825, guid: d509c6e771def1747866354f7ab77a24, type: 3}
  m_PrefabInstance: {fileID: 6013929457964465056}
  m_PrefabAsset: {fileID: 0}
--- !u!4 &3079951000402439302 stripped
Transform:
  m_CorrespondingSourceObject: {fileID: 8776367677550761766, guid: d509c6e771def1747866354f7ab77a24, type: 3}
  m_PrefabInstance: {fileID: 6013929457964465056}
  m_PrefabAsset: {fileID: 0}
--- !u!1001 &6057606939699094421
PrefabInstance:
  m_ObjectHideFlags: 0
  serializedVersion: 2
  m_Modification:
    m_TransformParent: {fileID: 1594942012093698709}
    m_Modifications:
    - target: {fileID: 4128362512603657966, guid: 4894e52c188f5d94c9a9667f008259d8, type: 3}
      propertyPath: m_Name
      value: Extinguisher
      objectReference: {fileID: 0}
    - target: {fileID: 4355579095121762807, guid: 4894e52c188f5d94c9a9667f008259d8, type: 3}
      propertyPath: m_RootOrder
      value: 9
      objectReference: {fileID: 0}
    - target: {fileID: 4355579095121762807, guid: 4894e52c188f5d94c9a9667f008259d8, type: 3}
      propertyPath: m_LocalScale.x
      value: 1
      objectReference: {fileID: 0}
    - target: {fileID: 4355579095121762807, guid: 4894e52c188f5d94c9a9667f008259d8, type: 3}
      propertyPath: m_LocalScale.y
      value: 1
      objectReference: {fileID: 0}
    - target: {fileID: 4355579095121762807, guid: 4894e52c188f5d94c9a9667f008259d8, type: 3}
      propertyPath: m_LocalScale.z
      value: 1
      objectReference: {fileID: 0}
    - target: {fileID: 4355579095121762807, guid: 4894e52c188f5d94c9a9667f008259d8, type: 3}
      propertyPath: m_LocalPosition.x
      value: -0.0011
      objectReference: {fileID: 0}
    - target: {fileID: 4355579095121762807, guid: 4894e52c188f5d94c9a9667f008259d8, type: 3}
      propertyPath: m_LocalPosition.y
      value: 0.0486
      objectReference: {fileID: 0}
    - target: {fileID: 4355579095121762807, guid: 4894e52c188f5d94c9a9667f008259d8, type: 3}
      propertyPath: m_LocalPosition.z
      value: 0.0005
      objectReference: {fileID: 0}
    - target: {fileID: 4355579095121762807, guid: 4894e52c188f5d94c9a9667f008259d8, type: 3}
      propertyPath: m_LocalRotation.w
      value: -1
      objectReference: {fileID: 0}
    - target: {fileID: 4355579095121762807, guid: 4894e52c188f5d94c9a9667f008259d8, type: 3}
      propertyPath: m_LocalRotation.x
      value: 0.000000029802322
      objectReference: {fileID: 0}
    - target: {fileID: 4355579095121762807, guid: 4894e52c188f5d94c9a9667f008259d8, type: 3}
      propertyPath: m_LocalRotation.y
      value: 0.000000005268589
      objectReference: {fileID: 0}
    - target: {fileID: 4355579095121762807, guid: 4894e52c188f5d94c9a9667f008259d8, type: 3}
      propertyPath: m_LocalRotation.z
      value: -0.0000029450107
      objectReference: {fileID: 0}
    - target: {fileID: 4355579095121762807, guid: 4894e52c188f5d94c9a9667f008259d8, type: 3}
      propertyPath: m_LocalEulerAnglesHint.x
      value: -90
      objectReference: {fileID: 0}
    - target: {fileID: 4355579095121762807, guid: 4894e52c188f5d94c9a9667f008259d8, type: 3}
      propertyPath: m_LocalEulerAnglesHint.y
      value: 0
      objectReference: {fileID: 0}
    - target: {fileID: 4355579095121762807, guid: 4894e52c188f5d94c9a9667f008259d8, type: 3}
      propertyPath: m_LocalEulerAnglesHint.z
      value: -180
      objectReference: {fileID: 0}
    m_RemovedComponents: []
  m_SourcePrefab: {fileID: 100100000, guid: 4894e52c188f5d94c9a9667f008259d8, type: 3}
--- !u!4 &7521804636532849250 stripped
Transform:
  m_CorrespondingSourceObject: {fileID: 4355579095121762807, guid: 4894e52c188f5d94c9a9667f008259d8, type: 3}
  m_PrefabInstance: {fileID: 6057606939699094421}
  m_PrefabAsset: {fileID: 0}
--- !u!1001 &9081284267626075287
PrefabInstance:
  m_ObjectHideFlags: 0
  serializedVersion: 2
  m_Modification:
    m_TransformParent: {fileID: 1594942012093698709}
    m_Modifications:
    - target: {fileID: 261024271647087432, guid: cb448703ccba23e43bb3cc8c1567ce25, type: 3}
      propertyPath: m_Name
      value: Table
      objectReference: {fileID: 0}
    - target: {fileID: 7518027775754594245, guid: cb448703ccba23e43bb3cc8c1567ce25, type: 3}
      propertyPath: m_RootOrder
      value: 4
      objectReference: {fileID: 0}
    - target: {fileID: 7518027775754594245, guid: cb448703ccba23e43bb3cc8c1567ce25, type: 3}
      propertyPath: m_LocalScale.x
      value: 1
      objectReference: {fileID: 0}
    - target: {fileID: 7518027775754594245, guid: cb448703ccba23e43bb3cc8c1567ce25, type: 3}
      propertyPath: m_LocalScale.y
      value: 1
      objectReference: {fileID: 0}
    - target: {fileID: 7518027775754594245, guid: cb448703ccba23e43bb3cc8c1567ce25, type: 3}
      propertyPath: m_LocalScale.z
      value: 1
      objectReference: {fileID: 0}
    - target: {fileID: 7518027775754594245, guid: cb448703ccba23e43bb3cc8c1567ce25, type: 3}
      propertyPath: m_LocalPosition.x
      value: -0.0153
      objectReference: {fileID: 0}
    - target: {fileID: 7518027775754594245, guid: cb448703ccba23e43bb3cc8c1567ce25, type: 3}
      propertyPath: m_LocalPosition.y
      value: 0.0355
      objectReference: {fileID: 0}
    - target: {fileID: 7518027775754594245, guid: cb448703ccba23e43bb3cc8c1567ce25, type: 3}
      propertyPath: m_LocalPosition.z
      value: -0.01
      objectReference: {fileID: 0}
    - target: {fileID: 7518027775754594245, guid: cb448703ccba23e43bb3cc8c1567ce25, type: 3}
      propertyPath: m_LocalRotation.w
      value: -1
      objectReference: {fileID: 0}
    - target: {fileID: 7518027775754594245, guid: cb448703ccba23e43bb3cc8c1567ce25, type: 3}
      propertyPath: m_LocalRotation.x
      value: 0.000000029802322
      objectReference: {fileID: 0}
    - target: {fileID: 7518027775754594245, guid: cb448703ccba23e43bb3cc8c1567ce25, type: 3}
      propertyPath: m_LocalRotation.y
      value: 0.000000005268703
      objectReference: {fileID: 0}
    - target: {fileID: 7518027775754594245, guid: cb448703ccba23e43bb3cc8c1567ce25, type: 3}
      propertyPath: m_LocalRotation.z
      value: -0.000002934474
      objectReference: {fileID: 0}
    - target: {fileID: 7518027775754594245, guid: cb448703ccba23e43bb3cc8c1567ce25, type: 3}
      propertyPath: m_LocalEulerAnglesHint.x
      value: -90
      objectReference: {fileID: 0}
    - target: {fileID: 7518027775754594245, guid: cb448703ccba23e43bb3cc8c1567ce25, type: 3}
      propertyPath: m_LocalEulerAnglesHint.y
      value: 0
      objectReference: {fileID: 0}
    - target: {fileID: 7518027775754594245, guid: cb448703ccba23e43bb3cc8c1567ce25, type: 3}
      propertyPath: m_LocalEulerAnglesHint.z
      value: -180
      objectReference: {fileID: 0}
    m_RemovedComponents: []
  m_SourcePrefab: {fileID: 100100000, guid: cb448703ccba23e43bb3cc8c1567ce25, type: 3}
--- !u!4 &1608442038950130514 stripped
Transform:
  m_CorrespondingSourceObject: {fileID: 7518027775754594245, guid: cb448703ccba23e43bb3cc8c1567ce25, type: 3}
  m_PrefabInstance: {fileID: 9081284267626075287}
  m_PrefabAsset: {fileID: 0}
