%YAML 1.1
%TAG !u! tag:unity3d.com,2011:
--- !u!65 &342279775286386990
BoxCollider:
  m_ObjectHideFlags: 0
  m_CorrespondingSourceObject: {fileID: 0}
  m_PrefabInstance: {fileID: 0}
  m_PrefabAsset: {fileID: 0}
  m_GameObject: {fileID: 3599580089859520671}
  m_Material: {fileID: 0}
  m_IsTrigger: 0
  m_Enabled: 1
  serializedVersion: 2
  m_Size: {x: 0.059999995, y: 0.0009999999, z: 0.040000007}
  m_Center: {x: -1.3642414e-15, y: -0.00049998506, z: -9.313231e-10}
--- !u!65 &6392134529981861353
BoxCollider:
  m_ObjectHideFlags: 0
  m_CorrespondingSourceObject: {fileID: 0}
  m_PrefabInstance: {fileID: 0}
  m_PrefabAsset: {fileID: 0}
  m_GameObject: {fileID: 3599580089859520671}
  m_Material: {fileID: 0}
  m_IsTrigger: 0
  m_Enabled: 1
  serializedVersion: 2
  m_Size: {x: 0.059999984, y: 0.0009999993, z: 0.039999995}
  m_Center: {x: 0.000000007450581, y: -0.0005000034, z: -0.0000000018626451}
--- !u!65 &6392134529077190475
BoxCollider:
  m_ObjectHideFlags: 0
  m_CorrespondingSourceObject: {fileID: 0}
  m_PrefabInstance: {fileID: 0}
  m_PrefabAsset: {fileID: 0}
  m_GameObject: {fileID: 3599580091099736633}
  m_Material: {fileID: 0}
  m_IsTrigger: 0
  m_Enabled: 1
  serializedVersion: 2
  m_Size: {x: 0.059999984, y: 0.0009999993, z: 0.039999995}
  m_Center: {x: 0.000000007450581, y: -0.0005000034, z: -0.0000000018626451}
--- !u!65 &6471243628195092312
BoxCollider:
  m_ObjectHideFlags: 0
  m_CorrespondingSourceObject: {fileID: 0}
  m_PrefabInstance: {fileID: 0}
  m_PrefabAsset: {fileID: 0}
  m_GameObject: {fileID: 3599580091099736633}
  m_Material: {fileID: 0}
  m_IsTrigger: 0
  m_Enabled: 1
  serializedVersion: 2
  m_Size: {x: 0.06000002, y: 0.0010000003, z: 0.040000007}
  m_Center: {x: 0.000000029802319, y: -0.00049998524, z: -9.3132163e-10}
--- !u!1 &4627288314831330439
GameObject:
  m_ObjectHideFlags: 0
  m_CorrespondingSourceObject: {fileID: 0}
  m_PrefabInstance: {fileID: 0}
  m_PrefabAsset: {fileID: 0}
  serializedVersion: 6
  m_Component:
  - component: {fileID: 5884996063308346589}
  - component: {fileID: 1722739874437895480}
  m_Layer: 0
  m_Name: Room5Purple
  m_TagString: Untagged
  m_Icon: {fileID: 0}
  m_NavMeshLayer: 0
  m_StaticEditorFlags: 0
  m_IsActive: 1
--- !u!4 &5884996063308346589
Transform:
  m_ObjectHideFlags: 0
  m_CorrespondingSourceObject: {fileID: 0}
  m_PrefabInstance: {fileID: 0}
  m_PrefabAsset: {fileID: 0}
  m_GameObject: {fileID: 4627288314831330439}
  m_LocalRotation: {x: -0, y: -0.7071068, z: -0.7071068, w: 0}
  m_LocalPosition: {x: 0.36708832, y: 0.019999996, z: 31.728539}
  m_LocalScale: {x: 100, y: 99.999985, z: 99.999985}
  m_Children:
  - {fileID: 7811101348661632667}
  - {fileID: 2413515553306172104}
  - {fileID: 2413515554209237102}
  - {fileID: 2584682400113594550}
  m_Father: {fileID: 0}
  m_RootOrder: 0
  m_LocalEulerAnglesHint: {x: -90, y: 0, z: -180}
--- !u!33 &1722739874437895480
MeshFilter:
  m_ObjectHideFlags: 0
  m_CorrespondingSourceObject: {fileID: 0}
  m_PrefabInstance: {fileID: 0}
  m_PrefabAsset: {fileID: 0}
  m_GameObject: {fileID: 4627288314831330439}
  m_Mesh: {fileID: -2746142260806068395, guid: 2c3ab65717db37141ab798157cb4ba1f, type: 3}
--- !u!1 &8901948894034622765
GameObject:
  m_ObjectHideFlags: 0
  m_CorrespondingSourceObject: {fileID: 0}
  m_PrefabInstance: {fileID: 0}
  m_PrefabAsset: {fileID: 0}
  serializedVersion: 6
  m_Component:
  - component: {fileID: 7811101348661632667}
  - component: {fileID: 7030788014924763045}
  - component: {fileID: 6680055844581914364}
  - component: {fileID: 7502567364883286355}
  m_Layer: 0
  m_Name: Cube.028
  m_TagString: Untagged
  m_Icon: {fileID: 0}
  m_NavMeshLayer: 0
  m_StaticEditorFlags: 0
  m_IsActive: 1
--- !u!4 &7811101348661632667
Transform:
  m_ObjectHideFlags: 0
  m_CorrespondingSourceObject: {fileID: 0}
  m_PrefabInstance: {fileID: 0}
  m_PrefabAsset: {fileID: 0}
  m_GameObject: {fileID: 8901948894034622765}
  m_LocalRotation: {x: 0, y: 0, z: 0, w: 1}
  m_LocalPosition: {x: 0, y: 0, z: 0}
  m_LocalScale: {x: 1, y: 1, z: 1}
  m_Children: []
  m_Father: {fileID: 5884996063308346589}
  m_RootOrder: 0
  m_LocalEulerAnglesHint: {x: 0, y: 0, z: 0}
--- !u!33 &7030788014924763045
MeshFilter:
  m_ObjectHideFlags: 0
  m_CorrespondingSourceObject: {fileID: 0}
  m_PrefabInstance: {fileID: 0}
  m_PrefabAsset: {fileID: 0}
  m_GameObject: {fileID: 8901948894034622765}
  m_Mesh: {fileID: 8467973019869391972, guid: 2c3ab65717db37141ab798157cb4ba1f, type: 3}
--- !u!23 &6680055844581914364
MeshRenderer:
  m_ObjectHideFlags: 0
  m_CorrespondingSourceObject: {fileID: 0}
  m_PrefabInstance: {fileID: 0}
  m_PrefabAsset: {fileID: 0}
  m_GameObject: {fileID: 8901948894034622765}
  m_Enabled: 1
  m_CastShadows: 1
  m_ReceiveShadows: 1
  m_DynamicOccludee: 1
  m_MotionVectors: 1
  m_LightProbeUsage: 1
  m_ReflectionProbeUsage: 1
  m_RayTracingMode: 2
  m_RayTraceProcedural: 0
  m_RenderingLayerMask: 1
  m_RendererPriority: 0
  m_Materials:
  - {fileID: 2100000, guid: 639fa025c6516e64bac15560361f00a4, type: 2}
  - {fileID: 2100000, guid: 87bf728c8aef87c488f606c1588719cd, type: 2}
  m_StaticBatchInfo:
    firstSubMesh: 0
    subMeshCount: 0
  m_StaticBatchRoot: {fileID: 0}
  m_ProbeAnchor: {fileID: 0}
  m_LightProbeVolumeOverride: {fileID: 0}
  m_ScaleInLightmap: 1
  m_ReceiveGI: 1
  m_PreserveUVs: 0
  m_IgnoreNormalsForChartDetection: 0
  m_ImportantGI: 0
  m_StitchLightmapSeams: 1
  m_SelectedEditorRenderState: 3
  m_MinimumChartSize: 4
  m_AutoUVMaxDistance: 0.5
  m_AutoUVMaxAngle: 89
  m_LightmapParameters: {fileID: 0}
  m_SortingLayerID: 0
  m_SortingLayer: 0
  m_SortingOrder: 0
  m_AdditionalVertexStreams: {fileID: 0}
--- !u!64 &7502567364883286355
MeshCollider:
  m_ObjectHideFlags: 0
  m_CorrespondingSourceObject: {fileID: 0}
  m_PrefabInstance: {fileID: 0}
  m_PrefabAsset: {fileID: 0}
  m_GameObject: {fileID: 8901948894034622765}
  m_Material: {fileID: 0}
  m_IsTrigger: 0
  m_Enabled: 1
  serializedVersion: 4
  m_Convex: 0
  m_CookingOptions: 30
  m_Mesh: {fileID: 8467973019869391972, guid: 2c3ab65717db37141ab798157cb4ba1f, type: 3}
--- !u!1001 &2282343073778239809
PrefabInstance:
  m_ObjectHideFlags: 0
  serializedVersion: 2
  m_Modification:
    m_TransformParent: {fileID: 5884996063308346589}
    m_Modifications:
    - target: {fileID: 4128362512603657966, guid: 4894e52c188f5d94c9a9667f008259d8, type: 3}
      propertyPath: m_Name
      value: Extinguisher (1)
      objectReference: {fileID: 0}
    - target: {fileID: 4355579095121762807, guid: 4894e52c188f5d94c9a9667f008259d8, type: 3}
      propertyPath: m_RootOrder
      value: 3
      objectReference: {fileID: 0}
    - target: {fileID: 4355579095121762807, guid: 4894e52c188f5d94c9a9667f008259d8, type: 3}
      propertyPath: m_LocalScale.x
      value: 1
      objectReference: {fileID: 0}
    - target: {fileID: 4355579095121762807, guid: 4894e52c188f5d94c9a9667f008259d8, type: 3}
      propertyPath: m_LocalScale.y
      value: 1
      objectReference: {fileID: 0}
    - target: {fileID: 4355579095121762807, guid: 4894e52c188f5d94c9a9667f008259d8, type: 3}
      propertyPath: m_LocalScale.z
      value: 1
      objectReference: {fileID: 0}
    - target: {fileID: 4355579095121762807, guid: 4894e52c188f5d94c9a9667f008259d8, type: 3}
      propertyPath: m_LocalPosition.x
      value: 0.02257
      objectReference: {fileID: 0}
    - target: {fileID: 4355579095121762807, guid: 4894e52c188f5d94c9a9667f008259d8, type: 3}
      propertyPath: m_LocalPosition.y
      value: 0.02867
      objectReference: {fileID: 0}
    - target: {fileID: 4355579095121762807, guid: 4894e52c188f5d94c9a9667f008259d8, type: 3}
      propertyPath: m_LocalPosition.z
      value: 0.0003
      objectReference: {fileID: 0}
    - target: {fileID: 4355579095121762807, guid: 4894e52c188f5d94c9a9667f008259d8, type: 3}
      propertyPath: m_LocalRotation.w
      value: 1
      objectReference: {fileID: 0}
    - target: {fileID: 4355579095121762807, guid: 4894e52c188f5d94c9a9667f008259d8, type: 3}
      propertyPath: m_LocalRotation.x
      value: 0.000000029802322
      objectReference: {fileID: 0}
    - target: {fileID: 4355579095121762807, guid: 4894e52c188f5d94c9a9667f008259d8, type: 3}
      propertyPath: m_LocalRotation.y
      value: -1.1368684e-13
      objectReference: {fileID: 0}
    - target: {fileID: 4355579095121762807, guid: 4894e52c188f5d94c9a9667f008259d8, type: 3}
      propertyPath: m_LocalRotation.z
      value: 0.000000010536837
      objectReference: {fileID: 0}
    - target: {fileID: 4355579095121762807, guid: 4894e52c188f5d94c9a9667f008259d8, type: 3}
      propertyPath: m_LocalEulerAnglesHint.x
      value: -90
      objectReference: {fileID: 0}
    - target: {fileID: 4355579095121762807, guid: 4894e52c188f5d94c9a9667f008259d8, type: 3}
      propertyPath: m_LocalEulerAnglesHint.y
      value: 0
      objectReference: {fileID: 0}
    - target: {fileID: 4355579095121762807, guid: 4894e52c188f5d94c9a9667f008259d8, type: 3}
      propertyPath: m_LocalEulerAnglesHint.z
      value: -180
      objectReference: {fileID: 0}
    m_RemovedComponents: []
  m_SourcePrefab: {fileID: 100100000, guid: 4894e52c188f5d94c9a9667f008259d8, type: 3}
--- !u!4 &2584682400113594550 stripped
Transform:
  m_CorrespondingSourceObject: {fileID: 4355579095121762807, guid: 4894e52c188f5d94c9a9667f008259d8, type: 3}
  m_PrefabInstance: {fileID: 2282343073778239809}
  m_PrefabAsset: {fileID: 0}
--- !u!1001 &6392134529077190472
PrefabInstance:
  m_ObjectHideFlags: 0
  serializedVersion: 2
  m_Modification:
    m_TransformParent: {fileID: 5884996063308346589}
    m_Modifications:
    - target: {fileID: 7584391049459987825, guid: d509c6e771def1747866354f7ab77a24, type: 3}
      propertyPath: m_Name
      value: Window1 (3)
      objectReference: {fileID: 0}
    - target: {fileID: 8724483399159351180, guid: d509c6e771def1747866354f7ab77a24, type: 3}
      propertyPath: m_CastShadows
      value: 0
      objectReference: {fileID: 0}
    - target: {fileID: 8776367677550761766, guid: d509c6e771def1747866354f7ab77a24, type: 3}
      propertyPath: m_RootOrder
      value: 2
      objectReference: {fileID: 0}
    - target: {fileID: 8776367677550761766, guid: d509c6e771def1747866354f7ab77a24, type: 3}
      propertyPath: m_LocalScale.x
      value: 1
      objectReference: {fileID: 0}
    - target: {fileID: 8776367677550761766, guid: d509c6e771def1747866354f7ab77a24, type: 3}
      propertyPath: m_LocalScale.y
      value: 1
      objectReference: {fileID: 0}
    - target: {fileID: 8776367677550761766, guid: d509c6e771def1747866354f7ab77a24, type: 3}
      propertyPath: m_LocalScale.z
      value: 1.1067
      objectReference: {fileID: 0}
    - target: {fileID: 8776367677550761766, guid: d509c6e771def1747866354f7ab77a24, type: 3}
      propertyPath: m_LocalPosition.x
      value: 0.03
      objectReference: {fileID: 0}
    - target: {fileID: 8776367677550761766, guid: d509c6e771def1747866354f7ab77a24, type: 3}
      propertyPath: m_LocalPosition.y
      value: 0
      objectReference: {fileID: 0}
    - target: {fileID: 8776367677550761766, guid: d509c6e771def1747866354f7ab77a24, type: 3}
      propertyPath: m_LocalPosition.z
      value: 0.0101
      objectReference: {fileID: 0}
    - target: {fileID: 8776367677550761766, guid: d509c6e771def1747866354f7ab77a24, type: 3}
      propertyPath: m_LocalRotation.w
      value: -0.7071089
      objectReference: {fileID: 0}
    - target: {fileID: 8776367677550761766, guid: d509c6e771def1747866354f7ab77a24, type: 3}
      propertyPath: m_LocalRotation.x
      value: -0.00000035390224
      objectReference: {fileID: 0}
    - target: {fileID: 8776367677550761766, guid: d509c6e771def1747866354f7ab77a24, type: 3}
      propertyPath: m_LocalRotation.y
      value: 0.000000059604645
      objectReference: {fileID: 0}
    - target: {fileID: 8776367677550761766, guid: d509c6e771def1747866354f7ab77a24, type: 3}
      propertyPath: m_LocalRotation.z
      value: 0.70710474
      objectReference: {fileID: 0}
    - target: {fileID: 8776367677550761766, guid: d509c6e771def1747866354f7ab77a24, type: 3}
      propertyPath: m_LocalEulerAnglesHint.x
      value: 0
      objectReference: {fileID: 0}
    - target: {fileID: 8776367677550761766, guid: d509c6e771def1747866354f7ab77a24, type: 3}
      propertyPath: m_LocalEulerAnglesHint.y
      value: 0
      objectReference: {fileID: 0}
    - target: {fileID: 8776367677550761766, guid: d509c6e771def1747866354f7ab77a24, type: 3}
      propertyPath: m_LocalEulerAnglesHint.z
      value: -90
      objectReference: {fileID: 0}
    m_RemovedComponents: []
  m_SourcePrefab: {fileID: 100100000, guid: d509c6e771def1747866354f7ab77a24, type: 3}
--- !u!1 &3599580091099736633 stripped
GameObject:
  m_CorrespondingSourceObject: {fileID: 7584391049459987825, guid: d509c6e771def1747866354f7ab77a24, type: 3}
  m_PrefabInstance: {fileID: 6392134529077190472}
  m_PrefabAsset: {fileID: 0}
--- !u!4 &2413515554209237102 stripped
Transform:
  m_CorrespondingSourceObject: {fileID: 8776367677550761766, guid: d509c6e771def1747866354f7ab77a24, type: 3}
  m_PrefabInstance: {fileID: 6392134529077190472}
  m_PrefabAsset: {fileID: 0}
--- !u!1001 &6392134529981861358
PrefabInstance:
  m_ObjectHideFlags: 0
  serializedVersion: 2
  m_Modification:
    m_TransformParent: {fileID: 5884996063308346589}
    m_Modifications:
    - target: {fileID: 7584391049459987825, guid: d509c6e771def1747866354f7ab77a24, type: 3}
      propertyPath: m_Name
      value: Window1 (2)
      objectReference: {fileID: 0}
    - target: {fileID: 8724483399159351180, guid: d509c6e771def1747866354f7ab77a24, type: 3}
      propertyPath: m_CastShadows
      value: 0
      objectReference: {fileID: 0}
    - target: {fileID: 8776367677550761766, guid: d509c6e771def1747866354f7ab77a24, type: 3}
      propertyPath: m_RootOrder
      value: 1
      objectReference: {fileID: 0}
    - target: {fileID: 8776367677550761766, guid: d509c6e771def1747866354f7ab77a24, type: 3}
      propertyPath: m_LocalScale.x
      value: 1
      objectReference: {fileID: 0}
    - target: {fileID: 8776367677550761766, guid: d509c6e771def1747866354f7ab77a24, type: 3}
      propertyPath: m_LocalScale.y
      value: 1
      objectReference: {fileID: 0}
    - target: {fileID: 8776367677550761766, guid: d509c6e771def1747866354f7ab77a24, type: 3}
      propertyPath: m_LocalScale.z
      value: 1.1067
      objectReference: {fileID: 0}
    - target: {fileID: 8776367677550761766, guid: d509c6e771def1747866354f7ab77a24, type: 3}
      propertyPath: m_LocalPosition.x
      value: -0.0295
      objectReference: {fileID: 0}
    - target: {fileID: 8776367677550761766, guid: d509c6e771def1747866354f7ab77a24, type: 3}
      propertyPath: m_LocalPosition.y
      value: 0.00001
      objectReference: {fileID: 0}
    - target: {fileID: 8776367677550761766, guid: d509c6e771def1747866354f7ab77a24, type: 3}
      propertyPath: m_LocalPosition.z
      value: 0.0101
      objectReference: {fileID: 0}
    - target: {fileID: 8776367677550761766, guid: d509c6e771def1747866354f7ab77a24, type: 3}
      propertyPath: m_LocalRotation.w
      value: -0.70710576
      objectReference: {fileID: 0}
    - target: {fileID: 8776367677550761766, guid: d509c6e771def1747866354f7ab77a24, type: 3}
      propertyPath: m_LocalRotation.x
      value: -0.00000008940697
      objectReference: {fileID: 0}
    - target: {fileID: 8776367677550761766, guid: d509c6e771def1747866354f7ab77a24, type: 3}
      propertyPath: m_LocalRotation.y
      value: 0.000000029802322
      objectReference: {fileID: 0}
    - target: {fileID: 8776367677550761766, guid: d509c6e771def1747866354f7ab77a24, type: 3}
      propertyPath: m_LocalRotation.z
      value: -0.7071078
      objectReference: {fileID: 0}
    - target: {fileID: 8776367677550761766, guid: d509c6e771def1747866354f7ab77a24, type: 3}
      propertyPath: m_LocalEulerAnglesHint.x
      value: 0
      objectReference: {fileID: 0}
    - target: {fileID: 8776367677550761766, guid: d509c6e771def1747866354f7ab77a24, type: 3}
      propertyPath: m_LocalEulerAnglesHint.y
      value: 0
      objectReference: {fileID: 0}
    - target: {fileID: 8776367677550761766, guid: d509c6e771def1747866354f7ab77a24, type: 3}
      propertyPath: m_LocalEulerAnglesHint.z
      value: -90
      objectReference: {fileID: 0}
    m_RemovedComponents: []
  m_SourcePrefab: {fileID: 100100000, guid: d509c6e771def1747866354f7ab77a24, type: 3}
--- !u!1 &3599580089859520671 stripped
GameObject:
  m_CorrespondingSourceObject: {fileID: 7584391049459987825, guid: d509c6e771def1747866354f7ab77a24, type: 3}
  m_PrefabInstance: {fileID: 6392134529981861358}
  m_PrefabAsset: {fileID: 0}
--- !u!4 &2413515553306172104 stripped
Transform:
  m_CorrespondingSourceObject: {fileID: 8776367677550761766, guid: d509c6e771def1747866354f7ab77a24, type: 3}
  m_PrefabInstance: {fileID: 6392134529981861358}
  m_PrefabAsset: {fileID: 0}
