%YAML 1.1
%TAG !u! tag:unity3d.com,2011:
--- !u!29 &1
OcclusionCullingSettings:
  m_ObjectHideFlags: 0
  serializedVersion: 2
  m_OcclusionBakeSettings:
    smallestOccluder: 5
    smallestHole: 0.25
    backfaceThreshold: 100
  m_SceneGUID: 00000000000000000000000000000000
  m_OcclusionCullingData: {fileID: 0}
--- !u!104 &2
RenderSettings:
  m_ObjectHideFlags: 0
  serializedVersion: 9
  m_Fog: 1
  m_FogColor: {r: 0, g: 0.24657726, b: 1, a: 1}
  m_FogMode: 1
  m_FogDensity: 0.01
  m_LinearFogStart: 15.5
  m_LinearFogEnd: 43.2
  m_AmbientSkyColor: {r: 0, g: 0.009862666, b: 0.4339623, a: 1}
  m_AmbientEquatorColor: {r: 0.114, g: 0.125, b: 0.133, a: 1}
  m_AmbientGroundColor: {r: 0.047, g: 0.043, b: 0.035, a: 1}
  m_AmbientIntensity: 1
  m_AmbientMode: 0
  m_SubtractiveShadowColor: {r: 0, g: 0, b: 0, a: 1}
  m_SkyboxMaterial: {fileID: 2100000, guid: 24e37d9b5c3e0be4fab3e1defb323693, type: 2}
  m_HaloStrength: 0.5
  m_FlareStrength: 1
  m_FlareFadeSpeed: 3
  m_HaloTexture: {fileID: 0}
  m_SpotCookie: {fileID: 10001, guid: 0000000000000000e000000000000000, type: 0}
  m_DefaultReflectionMode: 0
  m_DefaultReflectionResolution: 128
  m_ReflectionBounces: 1
  m_ReflectionIntensity: 1
  m_CustomReflection: {fileID: 0}
  m_Sun: {fileID: 679828373}
  m_IndirectSpecularColor: {r: 0.06127167, g: 0.05522766, b: 0.72536737, a: 1}
  m_UseRadianceAmbientProbe: 0
--- !u!157 &3
LightmapSettings:
  m_ObjectHideFlags: 0
  serializedVersion: 12
  m_GIWorkflowMode: 1
  m_GISettings:
    serializedVersion: 2
    m_BounceScale: 1
    m_IndirectOutputScale: 1
    m_AlbedoBoost: 1
    m_EnvironmentLightingMode: 0
    m_EnableBakedLightmaps: 1
    m_EnableRealtimeLightmaps: 0
  m_LightmapEditorSettings:
    serializedVersion: 12
    m_Resolution: 2
    m_BakeResolution: 40
    m_AtlasSize: 1024
    m_AO: 0
    m_AOMaxDistance: 1
    m_CompAOExponent: 1
    m_CompAOExponentDirect: 0
    m_ExtractAmbientOcclusion: 0
    m_Padding: 2
    m_LightmapParameters: {fileID: 0}
    m_LightmapsBakeMode: 1
    m_TextureCompression: 1
    m_FinalGather: 0
    m_FinalGatherFiltering: 1
    m_FinalGatherRayCount: 256
    m_ReflectionCompression: 2
    m_MixedBakeMode: 2
    m_BakeBackend: 1
    m_PVRSampling: 1
    m_PVRDirectSampleCount: 32
    m_PVRSampleCount: 512
    m_PVRBounces: 2
    m_PVREnvironmentSampleCount: 256
    m_PVREnvironmentReferencePointCount: 2048
    m_PVRFilteringMode: 1
    m_PVRDenoiserTypeDirect: 1
    m_PVRDenoiserTypeIndirect: 1
    m_PVRDenoiserTypeAO: 1
    m_PVRFilterTypeDirect: 0
    m_PVRFilterTypeIndirect: 0
    m_PVRFilterTypeAO: 0
    m_PVREnvironmentMIS: 1
    m_PVRCulling: 1
    m_PVRFilteringGaussRadiusDirect: 1
    m_PVRFilteringGaussRadiusIndirect: 5
    m_PVRFilteringGaussRadiusAO: 2
    m_PVRFilteringAtrousPositionSigmaDirect: 0.5
    m_PVRFilteringAtrousPositionSigmaIndirect: 2
    m_PVRFilteringAtrousPositionSigmaAO: 1
    m_ExportTrainingData: 0
    m_TrainingDataDestination: TrainingData
    m_LightProbeSampleCountMultiplier: 4
  m_LightingDataAsset: {fileID: 0}
  m_LightingSettings: {fileID: 0}
--- !u!196 &4
NavMeshSettings:
  serializedVersion: 2
  m_ObjectHideFlags: 0
  m_BuildSettings:
    serializedVersion: 2
    agentTypeID: 0
    agentRadius: 0.5
    agentHeight: 2
    agentSlope: 45
    agentClimb: 0.4
    ledgeDropHeight: 0
    maxJumpAcrossDistance: 0
    minRegionArea: 2
    manualCellSize: 0
    cellSize: 0.16666667
    manualTileSize: 0
    tileSize: 256
    accuratePlacement: 0
    maxJobWorkers: 0
    preserveTilesOutsideBounds: 0
    debug:
      m_Flags: 0
  m_NavMeshData: {fileID: 0}
--- !u!1 &72513778
GameObject:
  m_ObjectHideFlags: 0
  m_CorrespondingSourceObject: {fileID: 0}
  m_PrefabInstance: {fileID: 0}
  m_PrefabAsset: {fileID: 0}
  serializedVersion: 6
  m_Component:
  - component: {fileID: 72513779}
  m_Layer: 0
  m_Name: spawn
  m_TagString: Untagged
  m_Icon: {fileID: 7174288486110832750, guid: 0000000000000000d000000000000000, type: 0}
  m_NavMeshLayer: 0
  m_StaticEditorFlags: 0
  m_IsActive: 1
--- !u!4 &72513779
Transform:
  m_ObjectHideFlags: 0
  m_CorrespondingSourceObject: {fileID: 0}
  m_PrefabInstance: {fileID: 0}
  m_PrefabAsset: {fileID: 0}
  m_GameObject: {fileID: 72513778}
  m_LocalRotation: {x: 0, y: 0, z: 0, w: 1}
  m_LocalPosition: {x: -1.31, y: -0.93, z: 2.91}
  m_LocalScale: {x: 1, y: 1, z: 1}
  m_Children: []
  m_Father: {fileID: 0}
  m_RootOrder: 11
  m_LocalEulerAnglesHint: {x: 0, y: 0, z: 0}
--- !u!1001 &184029114
PrefabInstance:
  m_ObjectHideFlags: 0
  serializedVersion: 2
  m_Modification:
    m_TransformParent: {fileID: 0}
    m_Modifications:
    - target: {fileID: 1236695072759092155, guid: 91a2d7cdb8b910944a9c8ed5f03b85cf, type: 3}
      propertyPath: m_RootOrder
      value: 23
      objectReference: {fileID: 0}
    - target: {fileID: 1236695072759092155, guid: 91a2d7cdb8b910944a9c8ed5f03b85cf, type: 3}
      propertyPath: m_LocalPosition.x
      value: -0.015
      objectReference: {fileID: 0}
    - target: {fileID: 1236695072759092155, guid: 91a2d7cdb8b910944a9c8ed5f03b85cf, type: 3}
      propertyPath: m_LocalPosition.y
      value: -1.002
      objectReference: {fileID: 0}
    - target: {fileID: 1236695072759092155, guid: 91a2d7cdb8b910944a9c8ed5f03b85cf, type: 3}
      propertyPath: m_LocalPosition.z
      value: 15.12
      objectReference: {fileID: 0}
    - target: {fileID: 1236695072759092155, guid: 91a2d7cdb8b910944a9c8ed5f03b85cf, type: 3}
      propertyPath: m_LocalRotation.w
      value: 1
      objectReference: {fileID: 0}
    - target: {fileID: 1236695072759092155, guid: 91a2d7cdb8b910944a9c8ed5f03b85cf, type: 3}
      propertyPath: m_LocalRotation.x
      value: 0
      objectReference: {fileID: 0}
    - target: {fileID: 1236695072759092155, guid: 91a2d7cdb8b910944a9c8ed5f03b85cf, type: 3}
      propertyPath: m_LocalRotation.y
      value: 0
      objectReference: {fileID: 0}
    - target: {fileID: 1236695072759092155, guid: 91a2d7cdb8b910944a9c8ed5f03b85cf, type: 3}
      propertyPath: m_LocalRotation.z
      value: 0
      objectReference: {fileID: 0}
    - target: {fileID: 1236695072759092155, guid: 91a2d7cdb8b910944a9c8ed5f03b85cf, type: 3}
      propertyPath: m_LocalEulerAnglesHint.x
      value: 0
      objectReference: {fileID: 0}
    - target: {fileID: 1236695072759092155, guid: 91a2d7cdb8b910944a9c8ed5f03b85cf, type: 3}
      propertyPath: m_LocalEulerAnglesHint.y
      value: 0
      objectReference: {fileID: 0}
    - target: {fileID: 1236695072759092155, guid: 91a2d7cdb8b910944a9c8ed5f03b85cf, type: 3}
      propertyPath: m_LocalEulerAnglesHint.z
      value: 0
      objectReference: {fileID: 0}
    - target: {fileID: 2451693394870239215, guid: 91a2d7cdb8b910944a9c8ed5f03b85cf, type: 3}
      propertyPath: m_Name
      value: Door (2)
      objectReference: {fileID: 0}
    - target: {fileID: 4909292657349960156, guid: 91a2d7cdb8b910944a9c8ed5f03b85cf, type: 3}
      propertyPath: m_Mesh
      value: 
      objectReference: {fileID: -6657180443270484345, guid: 2c3ab65717db37141ab798157cb4ba1f, type: 3}
    - target: {fileID: 7576560145894310890, guid: 91a2d7cdb8b910944a9c8ed5f03b85cf, type: 3}
      propertyPath: m_Mesh
      value: 
      objectReference: {fileID: -6657180443270484345, guid: 2c3ab65717db37141ab798157cb4ba1f, type: 3}
    m_RemovedComponents: []
  m_SourcePrefab: {fileID: 100100000, guid: 91a2d7cdb8b910944a9c8ed5f03b85cf, type: 3}
--- !u!1001 &241468866
PrefabInstance:
  m_ObjectHideFlags: 0
  serializedVersion: 2
  m_Modification:
    m_TransformParent: {fileID: 0}
    m_Modifications:
    - target: {fileID: 7566820233081924178, guid: aa9f6912d98132c469b27d8297a436c0, type: 3}
      propertyPath: m_RootOrder
      value: 22
      objectReference: {fileID: 0}
    - target: {fileID: 7566820233081924178, guid: aa9f6912d98132c469b27d8297a436c0, type: 3}
      propertyPath: m_LocalScale.x
      value: 61.187
      objectReference: {fileID: 0}
    - target: {fileID: 7566820233081924178, guid: aa9f6912d98132c469b27d8297a436c0, type: 3}
      propertyPath: m_LocalScale.y
      value: 61.18699
      objectReference: {fileID: 0}
    - target: {fileID: 7566820233081924178, guid: aa9f6912d98132c469b27d8297a436c0, type: 3}
      propertyPath: m_LocalScale.z
      value: 61.18699
      objectReference: {fileID: 0}
    - target: {fileID: 7566820233081924178, guid: aa9f6912d98132c469b27d8297a436c0, type: 3}
      propertyPath: m_LocalPosition.x
      value: 2.242
      objectReference: {fileID: 0}
    - target: {fileID: 7566820233081924178, guid: aa9f6912d98132c469b27d8297a436c0, type: 3}
      propertyPath: m_LocalPosition.y
      value: -0.707
      objectReference: {fileID: 0}
    - target: {fileID: 7566820233081924178, guid: aa9f6912d98132c469b27d8297a436c0, type: 3}
      propertyPath: m_LocalPosition.z
      value: 13.134
      objectReference: {fileID: 0}
    - target: {fileID: 7566820233081924178, guid: aa9f6912d98132c469b27d8297a436c0, type: 3}
      propertyPath: m_LocalRotation.w
      value: -0.43045953
      objectReference: {fileID: 0}
    - target: {fileID: 7566820233081924178, guid: aa9f6912d98132c469b27d8297a436c0, type: 3}
      propertyPath: m_LocalRotation.x
      value: 0.43045953
      objectReference: {fileID: 0}
    - target: {fileID: 7566820233081924178, guid: aa9f6912d98132c469b27d8297a436c0, type: 3}
      propertyPath: m_LocalRotation.y
      value: 0.5609854
      objectReference: {fileID: 0}
    - target: {fileID: 7566820233081924178, guid: aa9f6912d98132c469b27d8297a436c0, type: 3}
      propertyPath: m_LocalRotation.z
      value: 0.5609855
      objectReference: {fileID: 0}
    - target: {fileID: 7566820233081924178, guid: aa9f6912d98132c469b27d8297a436c0, type: 3}
      propertyPath: m_LocalEulerAnglesHint.x
      value: -90
      objectReference: {fileID: 0}
    - target: {fileID: 7566820233081924178, guid: aa9f6912d98132c469b27d8297a436c0, type: 3}
      propertyPath: m_LocalEulerAnglesHint.y
      value: 0
      objectReference: {fileID: 0}
    - target: {fileID: 7566820233081924178, guid: aa9f6912d98132c469b27d8297a436c0, type: 3}
      propertyPath: m_LocalEulerAnglesHint.z
      value: 255
      objectReference: {fileID: 0}
    - target: {fileID: 8755842998251971357, guid: aa9f6912d98132c469b27d8297a436c0, type: 3}
      propertyPath: m_Name
      value: Box (2)
      objectReference: {fileID: 0}
    m_RemovedComponents: []
  m_SourcePrefab: {fileID: 100100000, guid: aa9f6912d98132c469b27d8297a436c0, type: 3}
--- !u!1 &310687141 stripped
GameObject:
  m_CorrespondingSourceObject: {fileID: 165110168877176444, guid: 3a1bd854ab784b14aa2dc480598b4fcc, type: 3}
  m_PrefabInstance: {fileID: 449832267}
  m_PrefabAsset: {fileID: 0}
--- !u!65 &310687143
BoxCollider:
  m_ObjectHideFlags: 0
  m_CorrespondingSourceObject: {fileID: 0}
  m_PrefabInstance: {fileID: 0}
  m_PrefabAsset: {fileID: 0}
  m_GameObject: {fileID: 310687141}
  m_Material: {fileID: 0}
  m_IsTrigger: 0
  m_Enabled: 1
  serializedVersion: 2
  m_Size: {x: 0.50019526, y: 0.50019515, z: 0.01590296}
  m_Center: {x: 0, y: -0.000007723585, z: -0.0063252575}
--- !u!1 &377616265
GameObject:
  m_ObjectHideFlags: 0
  m_CorrespondingSourceObject: {fileID: 0}
  m_PrefabInstance: {fileID: 0}
  m_PrefabAsset: {fileID: 0}
  serializedVersion: 6
  m_Component:
  - component: {fileID: 377616268}
  - component: {fileID: 377616267}
  - component: {fileID: 377616266}
  m_Layer: 0
  m_Name: Room0 (2)
  m_TagString: Untagged
  m_Icon: {fileID: 0}
  m_NavMeshLayer: 0
  m_StaticEditorFlags: 0
  m_IsActive: 0
--- !u!23 &377616266
MeshRenderer:
  m_ObjectHideFlags: 0
  m_CorrespondingSourceObject: {fileID: 0}
  m_PrefabInstance: {fileID: 0}
  m_PrefabAsset: {fileID: 0}
  m_GameObject: {fileID: 377616265}
  m_Enabled: 1
  m_CastShadows: 1
  m_ReceiveShadows: 1
  m_DynamicOccludee: 1
  m_MotionVectors: 1
  m_LightProbeUsage: 1
  m_ReflectionProbeUsage: 1
  m_RayTracingMode: 2
  m_RayTraceProcedural: 0
  m_RenderingLayerMask: 1
  m_RendererPriority: 0
  m_Materials:
  - {fileID: 2100000, guid: 639fa025c6516e64bac15560361f00a4, type: 2}
  - {fileID: 2100000, guid: 7b8e774334379434598415cc58227fc2, type: 2}
  m_StaticBatchInfo:
    firstSubMesh: 0
    subMeshCount: 0
  m_StaticBatchRoot: {fileID: 0}
  m_ProbeAnchor: {fileID: 0}
  m_LightProbeVolumeOverride: {fileID: 0}
  m_ScaleInLightmap: 1
  m_ReceiveGI: 1
  m_PreserveUVs: 0
  m_IgnoreNormalsForChartDetection: 0
  m_ImportantGI: 0
  m_StitchLightmapSeams: 1
  m_SelectedEditorRenderState: 3
  m_MinimumChartSize: 4
  m_AutoUVMaxDistance: 0.5
  m_AutoUVMaxAngle: 89
  m_LightmapParameters: {fileID: 0}
  m_SortingLayerID: 0
  m_SortingLayer: 0
  m_SortingOrder: 0
  m_AdditionalVertexStreams: {fileID: 0}
--- !u!33 &377616267
MeshFilter:
  m_ObjectHideFlags: 0
  m_CorrespondingSourceObject: {fileID: 0}
  m_PrefabInstance: {fileID: 0}
  m_PrefabAsset: {fileID: 0}
  m_GameObject: {fileID: 377616265}
  m_Mesh: {fileID: -5495902117074765545, guid: 2c3ab65717db37141ab798157cb4ba1f, type: 3}
--- !u!4 &377616268
Transform:
  m_ObjectHideFlags: 0
  m_CorrespondingSourceObject: {fileID: 0}
  m_PrefabInstance: {fileID: 0}
  m_PrefabAsset: {fileID: 0}
  m_GameObject: {fileID: 377616265}
  m_LocalRotation: {x: -0.7071068, y: -0, z: -0, w: 0.7071067}
  m_LocalPosition: {x: 0, y: -0, z: -10.2}
  m_LocalScale: {x: 100, y: 99.999985, z: 99.999985}
  m_Children: []
  m_Father: {fileID: 0}
  m_RootOrder: 5
  m_LocalEulerAnglesHint: {x: 0, y: 0, z: 0}
--- !u!1001 &385635082
PrefabInstance:
  m_ObjectHideFlags: 0
  serializedVersion: 2
  m_Modification:
    m_TransformParent: {fileID: 0}
    m_Modifications:
    - target: {fileID: 1236695072759092155, guid: 91a2d7cdb8b910944a9c8ed5f03b85cf, type: 3}
      propertyPath: m_RootOrder
      value: 17
      objectReference: {fileID: 0}
    - target: {fileID: 1236695072759092155, guid: 91a2d7cdb8b910944a9c8ed5f03b85cf, type: 3}
      propertyPath: m_LocalPosition.x
      value: -0.015
      objectReference: {fileID: 0}
    - target: {fileID: 1236695072759092155, guid: 91a2d7cdb8b910944a9c8ed5f03b85cf, type: 3}
      propertyPath: m_LocalPosition.y
      value: -1.002
      objectReference: {fileID: 0}
    - target: {fileID: 1236695072759092155, guid: 91a2d7cdb8b910944a9c8ed5f03b85cf, type: 3}
      propertyPath: m_LocalPosition.z
      value: 4.87
      objectReference: {fileID: 0}
    - target: {fileID: 1236695072759092155, guid: 91a2d7cdb8b910944a9c8ed5f03b85cf, type: 3}
      propertyPath: m_LocalRotation.w
      value: 1
      objectReference: {fileID: 0}
    - target: {fileID: 1236695072759092155, guid: 91a2d7cdb8b910944a9c8ed5f03b85cf, type: 3}
      propertyPath: m_LocalRotation.x
      value: 0
      objectReference: {fileID: 0}
    - target: {fileID: 1236695072759092155, guid: 91a2d7cdb8b910944a9c8ed5f03b85cf, type: 3}
      propertyPath: m_LocalRotation.y
      value: 0
      objectReference: {fileID: 0}
    - target: {fileID: 1236695072759092155, guid: 91a2d7cdb8b910944a9c8ed5f03b85cf, type: 3}
      propertyPath: m_LocalRotation.z
      value: 0
      objectReference: {fileID: 0}
    - target: {fileID: 1236695072759092155, guid: 91a2d7cdb8b910944a9c8ed5f03b85cf, type: 3}
      propertyPath: m_LocalEulerAnglesHint.x
      value: 0
      objectReference: {fileID: 0}
    - target: {fileID: 1236695072759092155, guid: 91a2d7cdb8b910944a9c8ed5f03b85cf, type: 3}
      propertyPath: m_LocalEulerAnglesHint.y
      value: 0
      objectReference: {fileID: 0}
    - target: {fileID: 1236695072759092155, guid: 91a2d7cdb8b910944a9c8ed5f03b85cf, type: 3}
      propertyPath: m_LocalEulerAnglesHint.z
      value: 0
      objectReference: {fileID: 0}
    - target: {fileID: 2451693394870239215, guid: 91a2d7cdb8b910944a9c8ed5f03b85cf, type: 3}
      propertyPath: m_Name
      value: Door (1)
      objectReference: {fileID: 0}
    - target: {fileID: 4909292657349960156, guid: 91a2d7cdb8b910944a9c8ed5f03b85cf, type: 3}
      propertyPath: m_Mesh
      value: 
      objectReference: {fileID: -6657180443270484345, guid: 2c3ab65717db37141ab798157cb4ba1f, type: 3}
    - target: {fileID: 7576560145894310890, guid: 91a2d7cdb8b910944a9c8ed5f03b85cf, type: 3}
      propertyPath: m_Mesh
      value: 
      objectReference: {fileID: -6657180443270484345, guid: 2c3ab65717db37141ab798157cb4ba1f, type: 3}
    m_RemovedComponents: []
  m_SourcePrefab: {fileID: 100100000, guid: 91a2d7cdb8b910944a9c8ed5f03b85cf, type: 3}
--- !u!1001 &449832267
PrefabInstance:
  m_ObjectHideFlags: 0
  serializedVersion: 2
  m_Modification:
    m_TransformParent: {fileID: 0}
    m_Modifications:
    - target: {fileID: 3096812906836101360, guid: 3a1bd854ab784b14aa2dc480598b4fcc, type: 3}
      propertyPath: m_RootOrder
      value: 14
      objectReference: {fileID: 0}
    - target: {fileID: 3096812906836101360, guid: 3a1bd854ab784b14aa2dc480598b4fcc, type: 3}
      propertyPath: m_LocalPosition.x
      value: 0
      objectReference: {fileID: 0}
    - target: {fileID: 3096812906836101360, guid: 3a1bd854ab784b14aa2dc480598b4fcc, type: 3}
      propertyPath: m_LocalPosition.y
      value: 0
      objectReference: {fileID: 0}
    - target: {fileID: 3096812906836101360, guid: 3a1bd854ab784b14aa2dc480598b4fcc, type: 3}
      propertyPath: m_LocalPosition.z
      value: -10.15
      objectReference: {fileID: 0}
    - target: {fileID: 3096812906836101360, guid: 3a1bd854ab784b14aa2dc480598b4fcc, type: 3}
      propertyPath: m_LocalRotation.w
      value: 1
      objectReference: {fileID: 0}
    - target: {fileID: 3096812906836101360, guid: 3a1bd854ab784b14aa2dc480598b4fcc, type: 3}
      propertyPath: m_LocalRotation.x
      value: 0
      objectReference: {fileID: 0}
    - target: {fileID: 3096812906836101360, guid: 3a1bd854ab784b14aa2dc480598b4fcc, type: 3}
      propertyPath: m_LocalRotation.y
      value: 0
      objectReference: {fileID: 0}
    - target: {fileID: 3096812906836101360, guid: 3a1bd854ab784b14aa2dc480598b4fcc, type: 3}
      propertyPath: m_LocalRotation.z
      value: 0
      objectReference: {fileID: 0}
    - target: {fileID: 3096812906836101360, guid: 3a1bd854ab784b14aa2dc480598b4fcc, type: 3}
      propertyPath: m_LocalEulerAnglesHint.x
      value: 0
      objectReference: {fileID: 0}
    - target: {fileID: 3096812906836101360, guid: 3a1bd854ab784b14aa2dc480598b4fcc, type: 3}
      propertyPath: m_LocalEulerAnglesHint.y
      value: 0
      objectReference: {fileID: 0}
    - target: {fileID: 3096812906836101360, guid: 3a1bd854ab784b14aa2dc480598b4fcc, type: 3}
      propertyPath: m_LocalEulerAnglesHint.z
      value: 0
      objectReference: {fileID: 0}
    - target: {fileID: 3096812906836101361, guid: 3a1bd854ab784b14aa2dc480598b4fcc, type: 3}
      propertyPath: m_Name
      value: City0 (1)
      objectReference: {fileID: 0}
    m_RemovedComponents: []
  m_SourcePrefab: {fileID: 100100000, guid: 3a1bd854ab784b14aa2dc480598b4fcc, type: 3}
--- !u!1 &474292782 stripped
GameObject:
  m_CorrespondingSourceObject: {fileID: 2451693394870239215, guid: 91a2d7cdb8b910944a9c8ed5f03b85cf, type: 3}
  m_PrefabInstance: {fileID: 385635082}
  m_PrefabAsset: {fileID: 0}
--- !u!1 &674701340
GameObject:
  m_ObjectHideFlags: 0
  m_CorrespondingSourceObject: {fileID: 0}
  m_PrefabInstance: {fileID: 0}
  m_PrefabAsset: {fileID: 0}
  serializedVersion: 6
  m_Component:
  - component: {fileID: 674701343}
  - component: {fileID: 674701342}
  - component: {fileID: 674701341}
  m_Layer: 0
  m_Name: EventSystem
  m_TagString: Untagged
  m_Icon: {fileID: 0}
  m_NavMeshLayer: 0
  m_StaticEditorFlags: 0
  m_IsActive: 1
--- !u!114 &674701341
MonoBehaviour:
  m_ObjectHideFlags: 0
  m_CorrespondingSourceObject: {fileID: 0}
  m_PrefabInstance: {fileID: 0}
  m_PrefabAsset: {fileID: 0}
  m_GameObject: {fileID: 674701340}
  m_Enabled: 1
  m_EditorHideFlags: 0
  m_Script: {fileID: 11500000, guid: 4f231c4fb786f3946a6b90b886c48677, type: 3}
  m_Name: 
  m_EditorClassIdentifier: 
  m_HorizontalAxis: Horizontal
  m_VerticalAxis: Vertical
  m_SubmitButton: Submit
  m_CancelButton: Cancel
  m_InputActionsPerSecond: 10
  m_RepeatDelay: 0.5
  m_ForceModuleActive: 0
--- !u!114 &674701342
MonoBehaviour:
  m_ObjectHideFlags: 0
  m_CorrespondingSourceObject: {fileID: 0}
  m_PrefabInstance: {fileID: 0}
  m_PrefabAsset: {fileID: 0}
  m_GameObject: {fileID: 674701340}
  m_Enabled: 1
  m_EditorHideFlags: 0
  m_Script: {fileID: 11500000, guid: 76c392e42b5098c458856cdf6ecaaaa1, type: 3}
  m_Name: 
  m_EditorClassIdentifier: 
  m_FirstSelected: {fileID: 0}
  m_sendNavigationEvents: 1
  m_DragThreshold: 10
--- !u!4 &674701343
Transform:
  m_ObjectHideFlags: 0
  m_CorrespondingSourceObject: {fileID: 0}
  m_PrefabInstance: {fileID: 0}
  m_PrefabAsset: {fileID: 0}
  m_GameObject: {fileID: 674701340}
  m_LocalRotation: {x: 0, y: 0, z: 0, w: 1}
  m_LocalPosition: {x: 0, y: 0, z: 0}
  m_LocalScale: {x: 1, y: 1, z: 1}
  m_Children: []
  m_Father: {fileID: 0}
  m_RootOrder: 6
  m_LocalEulerAnglesHint: {x: 0, y: 0, z: 0}
--- !u!1 &679828372
GameObject:
  m_ObjectHideFlags: 0
  m_CorrespondingSourceObject: {fileID: 0}
  m_PrefabInstance: {fileID: 0}
  m_PrefabAsset: {fileID: 0}
  serializedVersion: 6
  m_Component:
  - component: {fileID: 679828374}
  - component: {fileID: 679828373}
  m_Layer: 0
  m_Name: Directional Light
  m_TagString: Untagged
  m_Icon: {fileID: 0}
  m_NavMeshLayer: 0
  m_StaticEditorFlags: 0
  m_IsActive: 1
--- !u!108 &679828373
Light:
  m_ObjectHideFlags: 0
  m_CorrespondingSourceObject: {fileID: 0}
  m_PrefabInstance: {fileID: 0}
  m_PrefabAsset: {fileID: 0}
  m_GameObject: {fileID: 679828372}
  m_Enabled: 1
  serializedVersion: 10
  m_Type: 1
  m_Shape: 0
  m_Color: {r: 0.97532594, g: 0.8160377, b: 1, a: 1}
  m_Intensity: 1
  m_Range: 10
  m_SpotAngle: 30
  m_InnerSpotAngle: 21.80208
  m_CookieSize: 10
  m_Shadows:
    m_Type: 2
    m_Resolution: -1
    m_CustomResolution: -1
    m_Strength: 0.633
    m_Bias: 0.05
    m_NormalBias: 0.4
    m_NearPlane: 0.2
    m_CullingMatrixOverride:
      e00: 1
      e01: 0
      e02: 0
      e03: 0
      e10: 0
      e11: 1
      e12: 0
      e13: 0
      e20: 0
      e21: 0
      e22: 1
      e23: 0
      e30: 0
      e31: 0
      e32: 0
      e33: 1
    m_UseCullingMatrixOverride: 0
  m_Cookie: {fileID: 0}
  m_DrawHalo: 0
  m_Flare: {fileID: 0}
  m_RenderMode: 0
  m_CullingMask:
    serializedVersion: 2
    m_Bits: 4294967295
  m_RenderingLayerMask: 1
  m_Lightmapping: 4
  m_LightShadowCasterMode: 0
  m_AreaSize: {x: 1, y: 1}
  m_BounceIntensity: 1
  m_ColorTemperature: 6570
  m_UseColorTemperature: 0
  m_BoundingSphereOverride: {x: 0, y: 0, z: 0, w: 0}
  m_UseBoundingSphereOverride: 0
  m_UseViewFrustumForShadowCasterCull: 1
  m_ShadowRadius: 0
  m_ShadowAngle: 0
--- !u!4 &679828374
Transform:
  m_ObjectHideFlags: 0
  m_CorrespondingSourceObject: {fileID: 0}
  m_PrefabInstance: {fileID: 0}
  m_PrefabAsset: {fileID: 0}
  m_GameObject: {fileID: 679828372}
  m_LocalRotation: {x: 0.47172174, y: -0.035892196, z: 0.023988897, w: 0.88069}
  m_LocalPosition: {x: -0.29, y: 9.89, z: -19.63}
  m_LocalScale: {x: 1, y: 1, z: 1}
  m_Children: []
  m_Father: {fileID: 0}
  m_RootOrder: 9
  m_LocalEulerAnglesHint: {x: 56.367, y: -4.202, z: 0.868}
--- !u!1 &895761964
GameObject:
  m_ObjectHideFlags: 0
  m_CorrespondingSourceObject: {fileID: 0}
  m_PrefabInstance: {fileID: 0}
  m_PrefabAsset: {fileID: 0}
  serializedVersion: 6
  m_Component:
  - component: {fileID: 895761965}
  m_Layer: 0
  m_Name: spawn1
  m_TagString: Untagged
  m_Icon: {fileID: 7174288486110832750, guid: 0000000000000000d000000000000000, type: 0}
  m_NavMeshLayer: 0
  m_StaticEditorFlags: 0
  m_IsActive: 1
--- !u!4 &895761965
Transform:
  m_ObjectHideFlags: 0
  m_CorrespondingSourceObject: {fileID: 0}
  m_PrefabInstance: {fileID: 0}
  m_PrefabAsset: {fileID: 0}
  m_GameObject: {fileID: 895761964}
  m_LocalRotation: {x: 0, y: 0, z: 0, w: 1}
  m_LocalPosition: {x: 0.99, y: -0.93, z: 2.91}
  m_LocalScale: {x: 1, y: 1, z: 1}
  m_Children: []
  m_Father: {fileID: 0}
  m_RootOrder: 13
  m_LocalEulerAnglesHint: {x: 0, y: 0, z: 0}
--- !u!1 &1017104104
GameObject:
  m_ObjectHideFlags: 0
  m_CorrespondingSourceObject: {fileID: 0}
  m_PrefabInstance: {fileID: 0}
  m_PrefabAsset: {fileID: 0}
  serializedVersion: 6
  m_Component:
  - component: {fileID: 1017104105}
  m_Layer: 0
  m_Name: pointMovement
  m_TagString: Untagged
  m_Icon: {fileID: 7174288486110832750, guid: 0000000000000000d000000000000000, type: 0}
  m_NavMeshLayer: 0
  m_StaticEditorFlags: 0
  m_IsActive: 1
--- !u!4 &1017104105
Transform:
  m_ObjectHideFlags: 0
  m_CorrespondingSourceObject: {fileID: 0}
  m_PrefabInstance: {fileID: 0}
  m_PrefabAsset: {fileID: 0}
  m_GameObject: {fileID: 1017104104}
  m_LocalRotation: {x: 0, y: 0, z: 0, w: 1}
  m_LocalPosition: {x: -0.02, y: 0.53, z: -3.95}
  m_LocalScale: {x: 1, y: 1, z: 1}
  m_Children: []
  m_Father: {fileID: 0}
  m_RootOrder: 7
  m_LocalEulerAnglesHint: {x: 0, y: 0, z: 0}
--- !u!1001 &1123643994
PrefabInstance:
  m_ObjectHideFlags: 0
  serializedVersion: 2
  m_Modification:
    m_TransformParent: {fileID: 0}
    m_Modifications:
    - target: {fileID: 1236695072759092155, guid: 91a2d7cdb8b910944a9c8ed5f03b85cf, type: 3}
      propertyPath: m_RootOrder
      value: 16
      objectReference: {fileID: 0}
    - target: {fileID: 1236695072759092155, guid: 91a2d7cdb8b910944a9c8ed5f03b85cf, type: 3}
      propertyPath: m_LocalPosition.x
      value: -0.015
      objectReference: {fileID: 0}
    - target: {fileID: 1236695072759092155, guid: 91a2d7cdb8b910944a9c8ed5f03b85cf, type: 3}
      propertyPath: m_LocalPosition.y
      value: -1.002
      objectReference: {fileID: 0}
    - target: {fileID: 1236695072759092155, guid: 91a2d7cdb8b910944a9c8ed5f03b85cf, type: 3}
      propertyPath: m_LocalPosition.z
      value: -5.1946487
      objectReference: {fileID: 0}
    - target: {fileID: 1236695072759092155, guid: 91a2d7cdb8b910944a9c8ed5f03b85cf, type: 3}
      propertyPath: m_LocalRotation.w
      value: 1
      objectReference: {fileID: 0}
    - target: {fileID: 1236695072759092155, guid: 91a2d7cdb8b910944a9c8ed5f03b85cf, type: 3}
      propertyPath: m_LocalRotation.x
      value: 0
      objectReference: {fileID: 0}
    - target: {fileID: 1236695072759092155, guid: 91a2d7cdb8b910944a9c8ed5f03b85cf, type: 3}
      propertyPath: m_LocalRotation.y
      value: 0
      objectReference: {fileID: 0}
    - target: {fileID: 1236695072759092155, guid: 91a2d7cdb8b910944a9c8ed5f03b85cf, type: 3}
      propertyPath: m_LocalRotation.z
      value: 0
      objectReference: {fileID: 0}
    - target: {fileID: 1236695072759092155, guid: 91a2d7cdb8b910944a9c8ed5f03b85cf, type: 3}
      propertyPath: m_LocalEulerAnglesHint.x
      value: 0
      objectReference: {fileID: 0}
    - target: {fileID: 1236695072759092155, guid: 91a2d7cdb8b910944a9c8ed5f03b85cf, type: 3}
      propertyPath: m_LocalEulerAnglesHint.y
      value: 0
      objectReference: {fileID: 0}
    - target: {fileID: 1236695072759092155, guid: 91a2d7cdb8b910944a9c8ed5f03b85cf, type: 3}
      propertyPath: m_LocalEulerAnglesHint.z
      value: 0
      objectReference: {fileID: 0}
    - target: {fileID: 2451693394870239215, guid: 91a2d7cdb8b910944a9c8ed5f03b85cf, type: 3}
      propertyPath: m_Name
      value: Door
      objectReference: {fileID: 0}
    - target: {fileID: 4909292657349960156, guid: 91a2d7cdb8b910944a9c8ed5f03b85cf, type: 3}
      propertyPath: m_Mesh
      value: 
      objectReference: {fileID: -6657180443270484345, guid: 2c3ab65717db37141ab798157cb4ba1f, type: 3}
    - target: {fileID: 7576560145894310890, guid: 91a2d7cdb8b910944a9c8ed5f03b85cf, type: 3}
      propertyPath: m_Mesh
      value: 
      objectReference: {fileID: -6657180443270484345, guid: 2c3ab65717db37141ab798157cb4ba1f, type: 3}
    m_RemovedComponents: []
  m_SourcePrefab: {fileID: 100100000, guid: 91a2d7cdb8b910944a9c8ed5f03b85cf, type: 3}
--- !u!1001 &1277554115
PrefabInstance:
  m_ObjectHideFlags: 0
  serializedVersion: 2
  m_Modification:
    m_TransformParent: {fileID: 0}
    m_Modifications:
    - target: {fileID: 7566820233081924178, guid: aa9f6912d98132c469b27d8297a436c0, type: 3}
      propertyPath: m_RootOrder
      value: 20
      objectReference: {fileID: 0}
    - target: {fileID: 7566820233081924178, guid: aa9f6912d98132c469b27d8297a436c0, type: 3}
      propertyPath: m_LocalPosition.x
      value: 1.76
      objectReference: {fileID: 0}
    - target: {fileID: 7566820233081924178, guid: aa9f6912d98132c469b27d8297a436c0, type: 3}
      propertyPath: m_LocalPosition.y
      value: -0.55
      objectReference: {fileID: 0}
    - target: {fileID: 7566820233081924178, guid: aa9f6912d98132c469b27d8297a436c0, type: 3}
      propertyPath: m_LocalPosition.z
      value: 14.38
      objectReference: {fileID: 0}
    - target: {fileID: 7566820233081924178, guid: aa9f6912d98132c469b27d8297a436c0, type: 3}
      propertyPath: m_LocalRotation.w
      value: -0.18301271
      objectReference: {fileID: 0}
    - target: {fileID: 7566820233081924178, guid: aa9f6912d98132c469b27d8297a436c0, type: 3}
      propertyPath: m_LocalRotation.x
      value: 0.18301271
      objectReference: {fileID: 0}
    - target: {fileID: 7566820233081924178, guid: aa9f6912d98132c469b27d8297a436c0, type: 3}
      propertyPath: m_LocalRotation.y
      value: 0.68301266
      objectReference: {fileID: 0}
    - target: {fileID: 7566820233081924178, guid: aa9f6912d98132c469b27d8297a436c0, type: 3}
      propertyPath: m_LocalRotation.z
      value: 0.6830128
      objectReference: {fileID: 0}
    - target: {fileID: 7566820233081924178, guid: aa9f6912d98132c469b27d8297a436c0, type: 3}
      propertyPath: m_LocalEulerAnglesHint.x
      value: -90
      objectReference: {fileID: 0}
    - target: {fileID: 7566820233081924178, guid: aa9f6912d98132c469b27d8297a436c0, type: 3}
      propertyPath: m_LocalEulerAnglesHint.y
      value: 0
      objectReference: {fileID: 0}
    - target: {fileID: 7566820233081924178, guid: aa9f6912d98132c469b27d8297a436c0, type: 3}
      propertyPath: m_LocalEulerAnglesHint.z
      value: 210
      objectReference: {fileID: 0}
    - target: {fileID: 7857628727174615122, guid: aa9f6912d98132c469b27d8297a436c0, type: 3}
      propertyPath: money.x
      value: 0
      objectReference: {fileID: 0}
    - target: {fileID: 7857628727174615122, guid: aa9f6912d98132c469b27d8297a436c0, type: 3}
      propertyPath: money.y
      value: 0
      objectReference: {fileID: 0}
    - target: {fileID: 8755842998251971357, guid: aa9f6912d98132c469b27d8297a436c0, type: 3}
      propertyPath: m_Name
      value: Box (1)
      objectReference: {fileID: 0}
    m_RemovedComponents: []
  m_SourcePrefab: {fileID: 100100000, guid: aa9f6912d98132c469b27d8297a436c0, type: 3}
--- !u!1 &1285671782
GameObject:
  m_ObjectHideFlags: 0
  m_CorrespondingSourceObject: {fileID: 0}
  m_PrefabInstance: {fileID: 0}
  m_PrefabAsset: {fileID: 0}
  serializedVersion: 6
  m_Component:
  - component: {fileID: 1285671784}
  - component: {fileID: 1285671783}
  m_Layer: 0
  m_Name: Trail
  m_TagString: Untagged
  m_Icon: {fileID: 0}
  m_NavMeshLayer: 0
  m_StaticEditorFlags: 0
  m_IsActive: 1
--- !u!96 &1285671783
TrailRenderer:
  serializedVersion: 2
  m_ObjectHideFlags: 0
  m_CorrespondingSourceObject: {fileID: 0}
  m_PrefabInstance: {fileID: 0}
  m_PrefabAsset: {fileID: 0}
  m_GameObject: {fileID: 1285671782}
  m_Enabled: 1
  m_CastShadows: 1
  m_ReceiveShadows: 1
  m_DynamicOccludee: 1
  m_MotionVectors: 0
  m_LightProbeUsage: 0
  m_ReflectionProbeUsage: 0
  m_RayTracingMode: 0
  m_RayTraceProcedural: 0
  m_RenderingLayerMask: 1
  m_RendererPriority: 0
  m_Materials:
  - {fileID: 10306, guid: 0000000000000000f000000000000000, type: 0}
  m_StaticBatchInfo:
    firstSubMesh: 0
    subMeshCount: 0
  m_StaticBatchRoot: {fileID: 0}
  m_ProbeAnchor: {fileID: 0}
  m_LightProbeVolumeOverride: {fileID: 0}
  m_ScaleInLightmap: 1
  m_ReceiveGI: 1
  m_PreserveUVs: 0
  m_IgnoreNormalsForChartDetection: 0
  m_ImportantGI: 0
  m_StitchLightmapSeams: 1
  m_SelectedEditorRenderState: 3
  m_MinimumChartSize: 4
  m_AutoUVMaxDistance: 0.5
  m_AutoUVMaxAngle: 89
  m_LightmapParameters: {fileID: 0}
  m_SortingLayerID: 0
  m_SortingLayer: 0
  m_SortingOrder: 0
  m_Time: 0.5
  m_Parameters:
    serializedVersion: 3
    widthMultiplier: 1
    widthCurve:
      serializedVersion: 2
      m_Curve:
      - serializedVersion: 3
        time: 0
        value: 0.10112381
        inSlope: 0
        outSlope: 0
        tangentMode: 0
        weightedMode: 0
        inWeight: 0.33333334
        outWeight: 0.33333334
      m_PreInfinity: 2
      m_PostInfinity: 2
      m_RotationOrder: 4
    colorGradient:
      serializedVersion: 2
      key0: {r: 0.990566, g: 0.8192367, b: 0.1541919, a: 1}
      key1: {r: 0.38679248, g: 0.060906827, b: 0.012771457, a: 1}
      key2: {r: 0, g: 0, b: 0, a: 0}
      key3: {r: 0, g: 0, b: 0, a: 0}
      key4: {r: 0, g: 0, b: 0, a: 0}
      key5: {r: 0, g: 0, b: 0, a: 0}
      key6: {r: 0, g: 0, b: 0, a: 0}
      key7: {r: 0, g: 0, b: 0, a: 0}
      ctime0: 0
      ctime1: 4048
      ctime2: 10987
      ctime3: 0
      ctime4: 0
      ctime5: 0
      ctime6: 0
      ctime7: 0
      atime0: 0
      atime1: 65535
      atime2: 0
      atime3: 0
      atime4: 0
      atime5: 0
      atime6: 0
      atime7: 0
      m_Mode: 0
      m_NumColorKeys: 3
      m_NumAlphaKeys: 2
    numCornerVertices: 0
    numCapVertices: 0
    alignment: 0
    textureMode: 0
    shadowBias: 0.5
    generateLightingData: 0
  m_MinVertexDistance: 0.1
  m_Autodestruct: 0
  m_Emitting: 1
--- !u!4 &1285671784
Transform:
  m_ObjectHideFlags: 0
  m_CorrespondingSourceObject: {fileID: 0}
  m_PrefabInstance: {fileID: 0}
  m_PrefabAsset: {fileID: 0}
  m_GameObject: {fileID: 1285671782}
  m_LocalRotation: {x: 0, y: 0, z: 0, w: 1}
  m_LocalPosition: {x: -1.56, y: 1.02, z: 3.41}
  m_LocalScale: {x: 1, y: 1, z: 1}
  m_Children: []
  m_Father: {fileID: 0}
  m_RootOrder: 8
  m_LocalEulerAnglesHint: {x: 0, y: 0, z: 0}
--- !u!1 &1290335661 stripped
GameObject:
  m_CorrespondingSourceObject: {fileID: 2451693394870239215, guid: 91a2d7cdb8b910944a9c8ed5f03b85cf, type: 3}
  m_PrefabInstance: {fileID: 1123643994}
  m_PrefabAsset: {fileID: 0}
--- !u!1001 &1314123339
PrefabInstance:
  m_ObjectHideFlags: 0
  serializedVersion: 2
  m_Modification:
    m_TransformParent: {fileID: 0}
    m_Modifications:
    - target: {fileID: 3096812906836101360, guid: 3a1bd854ab784b14aa2dc480598b4fcc, type: 3}
      propertyPath: m_RootOrder
      value: 15
      objectReference: {fileID: 0}
    - target: {fileID: 3096812906836101360, guid: 3a1bd854ab784b14aa2dc480598b4fcc, type: 3}
      propertyPath: m_LocalPosition.x
      value: -1.94
      objectReference: {fileID: 0}
    - target: {fileID: 3096812906836101360, guid: 3a1bd854ab784b14aa2dc480598b4fcc, type: 3}
      propertyPath: m_LocalPosition.y
      value: -1.35
      objectReference: {fileID: 0}
    - target: {fileID: 3096812906836101360, guid: 3a1bd854ab784b14aa2dc480598b4fcc, type: 3}
      propertyPath: m_LocalPosition.z
      value: 24.88
      objectReference: {fileID: 0}
    - target: {fileID: 3096812906836101360, guid: 3a1bd854ab784b14aa2dc480598b4fcc, type: 3}
      propertyPath: m_LocalRotation.w
      value: -0.38268006
      objectReference: {fileID: 0}
    - target: {fileID: 3096812906836101360, guid: 3a1bd854ab784b14aa2dc480598b4fcc, type: 3}
      propertyPath: m_LocalRotation.x
      value: -0
      objectReference: {fileID: 0}
    - target: {fileID: 3096812906836101360, guid: 3a1bd854ab784b14aa2dc480598b4fcc, type: 3}
      propertyPath: m_LocalRotation.y
      value: -0.923881
      objectReference: {fileID: 0}
    - target: {fileID: 3096812906836101360, guid: 3a1bd854ab784b14aa2dc480598b4fcc, type: 3}
      propertyPath: m_LocalRotation.z
      value: -0
      objectReference: {fileID: 0}
    - target: {fileID: 3096812906836101360, guid: 3a1bd854ab784b14aa2dc480598b4fcc, type: 3}
      propertyPath: m_LocalEulerAnglesHint.x
      value: 0
      objectReference: {fileID: 0}
    - target: {fileID: 3096812906836101360, guid: 3a1bd854ab784b14aa2dc480598b4fcc, type: 3}
      propertyPath: m_LocalEulerAnglesHint.y
      value: -225
      objectReference: {fileID: 0}
    - target: {fileID: 3096812906836101360, guid: 3a1bd854ab784b14aa2dc480598b4fcc, type: 3}
      propertyPath: m_LocalEulerAnglesHint.z
      value: 0
      objectReference: {fileID: 0}
    - target: {fileID: 3096812906836101361, guid: 3a1bd854ab784b14aa2dc480598b4fcc, type: 3}
      propertyPath: m_Name
      value: City0 (2)
      objectReference: {fileID: 0}
    m_RemovedComponents: []
  m_SourcePrefab: {fileID: 100100000, guid: 3a1bd854ab784b14aa2dc480598b4fcc, type: 3}
--- !u!1001 &1493776631
PrefabInstance:
  m_ObjectHideFlags: 0
  serializedVersion: 2
  m_Modification:
    m_TransformParent: {fileID: 0}
    m_Modifications:
    - target: {fileID: 7566820233081924178, guid: aa9f6912d98132c469b27d8297a436c0, type: 3}
      propertyPath: m_RootOrder
      value: 1
      objectReference: {fileID: 0}
    - target: {fileID: 7566820233081924178, guid: aa9f6912d98132c469b27d8297a436c0, type: 3}
      propertyPath: m_LocalPosition.x
      value: -2.22
      objectReference: {fileID: 0}
    - target: {fileID: 7566820233081924178, guid: aa9f6912d98132c469b27d8297a436c0, type: 3}
      propertyPath: m_LocalPosition.y
      value: -0.55
      objectReference: {fileID: 0}
    - target: {fileID: 7566820233081924178, guid: aa9f6912d98132c469b27d8297a436c0, type: 3}
      propertyPath: m_LocalPosition.z
      value: 4.34
      objectReference: {fileID: 0}
    - target: {fileID: 7566820233081924178, guid: aa9f6912d98132c469b27d8297a436c0, type: 3}
      propertyPath: m_LocalRotation.w
      value: 0
      objectReference: {fileID: 0}
    - target: {fileID: 7566820233081924178, guid: aa9f6912d98132c469b27d8297a436c0, type: 3}
      propertyPath: m_LocalRotation.x
      value: -0
      objectReference: {fileID: 0}
    - target: {fileID: 7566820233081924178, guid: aa9f6912d98132c469b27d8297a436c0, type: 3}
      propertyPath: m_LocalRotation.y
      value: 0.7071067
      objectReference: {fileID: 0}
    - target: {fileID: 7566820233081924178, guid: aa9f6912d98132c469b27d8297a436c0, type: 3}
      propertyPath: m_LocalRotation.z
      value: 0.7071068
      objectReference: {fileID: 0}
    - target: {fileID: 7566820233081924178, guid: aa9f6912d98132c469b27d8297a436c0, type: 3}
      propertyPath: m_LocalEulerAnglesHint.x
      value: 0
      objectReference: {fileID: 0}
    - target: {fileID: 7566820233081924178, guid: aa9f6912d98132c469b27d8297a436c0, type: 3}
      propertyPath: m_LocalEulerAnglesHint.y
      value: 0
      objectReference: {fileID: 0}
    - target: {fileID: 7566820233081924178, guid: aa9f6912d98132c469b27d8297a436c0, type: 3}
      propertyPath: m_LocalEulerAnglesHint.z
      value: 0
      objectReference: {fileID: 0}
    - target: {fileID: 8755842998251971357, guid: aa9f6912d98132c469b27d8297a436c0, type: 3}
      propertyPath: m_Name
      value: Box
      objectReference: {fileID: 0}
    m_RemovedComponents: []
  m_SourcePrefab: {fileID: 100100000, guid: aa9f6912d98132c469b27d8297a436c0, type: 3}
--- !u!1 &1531869777
GameObject:
  m_ObjectHideFlags: 0
  m_CorrespondingSourceObject: {fileID: 0}
  m_PrefabInstance: {fileID: 0}
  m_PrefabAsset: {fileID: 0}
  serializedVersion: 6
  m_Component:
  - component: {fileID: 1531869778}
  m_Layer: 0
  m_Name: spawn1 (1)
  m_TagString: Untagged
  m_Icon: {fileID: 7174288486110832750, guid: 0000000000000000d000000000000000, type: 0}
  m_NavMeshLayer: 0
  m_StaticEditorFlags: 0
  m_IsActive: 1
--- !u!4 &1531869778
Transform:
  m_ObjectHideFlags: 0
  m_CorrespondingSourceObject: {fileID: 0}
  m_PrefabInstance: {fileID: 0}
  m_PrefabAsset: {fileID: 0}
  m_GameObject: {fileID: 1531869777}
  m_LocalRotation: {x: 0, y: 0, z: 0, w: 1}
  m_LocalPosition: {x: 0.99, y: -0.93, z: 13.95}
  m_LocalScale: {x: 1, y: 1, z: 1}
  m_Children: []
  m_Father: {fileID: 0}
  m_RootOrder: 19
  m_LocalEulerAnglesHint: {x: 0, y: 0, z: 0}
--- !u!1 &1537342835
GameObject:
  m_ObjectHideFlags: 0
  m_CorrespondingSourceObject: {fileID: 0}
  m_PrefabInstance: {fileID: 0}
  m_PrefabAsset: {fileID: 0}
  serializedVersion: 6
  m_Component:
  - component: {fileID: 1537342836}
  m_Layer: 0
  m_Name: pointMovement (1)
  m_TagString: Untagged
  m_Icon: {fileID: 7174288486110832750, guid: 0000000000000000d000000000000000, type: 0}
  m_NavMeshLayer: 0
  m_StaticEditorFlags: 0
  m_IsActive: 1
--- !u!4 &1537342836
Transform:
  m_ObjectHideFlags: 0
  m_CorrespondingSourceObject: {fileID: 0}
  m_PrefabInstance: {fileID: 0}
  m_PrefabAsset: {fileID: 0}
  m_GameObject: {fileID: 1537342835}
  m_LocalRotation: {x: 0, y: 0, z: 0, w: 1}
  m_LocalPosition: {x: -0.02, y: 0.53, z: 6.71}
  m_LocalScale: {x: 1, y: 1, z: 1}
  m_Children: []
  m_Father: {fileID: 0}
  m_RootOrder: 21
  m_LocalEulerAnglesHint: {x: 0, y: 0, z: 0}
--- !u!1 &1568982262
GameObject:
  m_ObjectHideFlags: 0
  m_CorrespondingSourceObject: {fileID: 0}
  m_PrefabInstance: {fileID: 0}
  m_PrefabAsset: {fileID: 0}
  serializedVersion: 6
  m_Component:
  - component: {fileID: 1568982263}
  m_Layer: 0
  m_Name: spawn (1)
  m_TagString: Untagged
  m_Icon: {fileID: 7174288486110832750, guid: 0000000000000000d000000000000000, type: 0}
  m_NavMeshLayer: 0
  m_StaticEditorFlags: 0
  m_IsActive: 1
--- !u!4 &1568982263
Transform:
  m_ObjectHideFlags: 0
  m_CorrespondingSourceObject: {fileID: 0}
  m_PrefabInstance: {fileID: 0}
  m_PrefabAsset: {fileID: 0}
  m_GameObject: {fileID: 1568982262}
  m_LocalRotation: {x: 0, y: 0, z: 0, w: 1}
  m_LocalPosition: {x: -1.31, y: -0.93, z: 13.95}
  m_LocalScale: {x: 1, y: 1, z: 1}
  m_Children: []
  m_Father: {fileID: 0}
  m_RootOrder: 18
  m_LocalEulerAnglesHint: {x: 0, y: 0, z: 0}
--- !u!224 &1956736181 stripped
RectTransform:
  m_CorrespondingSourceObject: {fileID: 3475561803724161354, guid: 82e70ace9eef3b94ea58c487e13b9a6f, type: 3}
  m_PrefabInstance: {fileID: 3475561802975440383}
  m_PrefabAsset: {fileID: 0}
--- !u!1001 &866194190519442004
PrefabInstance:
  m_ObjectHideFlags: 0
  serializedVersion: 2
  m_Modification:
    m_TransformParent: {fileID: 0}
    m_Modifications:
    - target: {fileID: 866194189760265346, guid: d319ca8091157ef4da5e91a53ae99f0e, type: 3}
      propertyPath: m_Name
      value: City1
      objectReference: {fileID: 0}
    - target: {fileID: 866194189760265347, guid: d319ca8091157ef4da5e91a53ae99f0e, type: 3}
      propertyPath: m_RootOrder
      value: 12
      objectReference: {fileID: 0}
    - target: {fileID: 866194189760265347, guid: d319ca8091157ef4da5e91a53ae99f0e, type: 3}
      propertyPath: m_LocalPosition.x
      value: 0
      objectReference: {fileID: 0}
    - target: {fileID: 866194189760265347, guid: d319ca8091157ef4da5e91a53ae99f0e, type: 3}
      propertyPath: m_LocalPosition.y
      value: 0
      objectReference: {fileID: 0}
    - target: {fileID: 866194189760265347, guid: d319ca8091157ef4da5e91a53ae99f0e, type: 3}
      propertyPath: m_LocalPosition.z
      value: 10.18
      objectReference: {fileID: 0}
    - target: {fileID: 866194189760265347, guid: d319ca8091157ef4da5e91a53ae99f0e, type: 3}
      propertyPath: m_LocalRotation.w
      value: 1
      objectReference: {fileID: 0}
    - target: {fileID: 866194189760265347, guid: d319ca8091157ef4da5e91a53ae99f0e, type: 3}
      propertyPath: m_LocalRotation.x
      value: 0
      objectReference: {fileID: 0}
    - target: {fileID: 866194189760265347, guid: d319ca8091157ef4da5e91a53ae99f0e, type: 3}
      propertyPath: m_LocalRotation.y
      value: 0
      objectReference: {fileID: 0}
    - target: {fileID: 866194189760265347, guid: d319ca8091157ef4da5e91a53ae99f0e, type: 3}
      propertyPath: m_LocalRotation.z
      value: 0
      objectReference: {fileID: 0}
    - target: {fileID: 866194189760265347, guid: d319ca8091157ef4da5e91a53ae99f0e, type: 3}
      propertyPath: m_LocalEulerAnglesHint.x
      value: 0
      objectReference: {fileID: 0}
    - target: {fileID: 866194189760265347, guid: d319ca8091157ef4da5e91a53ae99f0e, type: 3}
      propertyPath: m_LocalEulerAnglesHint.y
      value: 0
      objectReference: {fileID: 0}
    - target: {fileID: 866194189760265347, guid: d319ca8091157ef4da5e91a53ae99f0e, type: 3}
      propertyPath: m_LocalEulerAnglesHint.z
      value: 0
      objectReference: {fileID: 0}
    m_RemovedComponents: []
  m_SourcePrefab: {fileID: 100100000, guid: d319ca8091157ef4da5e91a53ae99f0e, type: 3}
--- !u!1001 &2779357270134355944
PrefabInstance:
  m_ObjectHideFlags: 0
  serializedVersion: 2
  m_Modification:
    m_TransformParent: {fileID: 0}
    m_Modifications:
    - target: {fileID: 2779357271268702128, guid: e0d1fb049f2ee0f40a344edf65b243a6, type: 3}
      propertyPath: trail
      value: 
      objectReference: {fileID: 1285671784}
    - target: {fileID: 2779357271268702136, guid: e0d1fb049f2ee0f40a344edf65b243a6, type: 3}
      propertyPath: m_Name
      value: Main Camera
      objectReference: {fileID: 0}
    - target: {fileID: 2779357271268702139, guid: e0d1fb049f2ee0f40a344edf65b243a6, type: 3}
      propertyPath: m_RootOrder
      value: 2
      objectReference: {fileID: 0}
    - target: {fileID: 2779357271268702139, guid: e0d1fb049f2ee0f40a344edf65b243a6, type: 3}
      propertyPath: m_LocalPosition.x
      value: -0.01
      objectReference: {fileID: 0}
    - target: {fileID: 2779357271268702139, guid: e0d1fb049f2ee0f40a344edf65b243a6, type: 3}
      propertyPath: m_LocalPosition.y
      value: 0.61
      objectReference: {fileID: 0}
    - target: {fileID: 2779357271268702139, guid: e0d1fb049f2ee0f40a344edf65b243a6, type: 3}
      propertyPath: m_LocalPosition.z
      value: -11.51
      objectReference: {fileID: 0}
    - target: {fileID: 2779357271268702139, guid: e0d1fb049f2ee0f40a344edf65b243a6, type: 3}
      propertyPath: m_LocalRotation.w
      value: 1
      objectReference: {fileID: 0}
    - target: {fileID: 2779357271268702139, guid: e0d1fb049f2ee0f40a344edf65b243a6, type: 3}
      propertyPath: m_LocalRotation.x
      value: -0
      objectReference: {fileID: 0}
    - target: {fileID: 2779357271268702139, guid: e0d1fb049f2ee0f40a344edf65b243a6, type: 3}
      propertyPath: m_LocalRotation.y
      value: -0.00003870041
      objectReference: {fileID: 0}
    - target: {fileID: 2779357271268702139, guid: e0d1fb049f2ee0f40a344edf65b243a6, type: 3}
      propertyPath: m_LocalRotation.z
      value: -0
      objectReference: {fileID: 0}
    - target: {fileID: 2779357271268702139, guid: e0d1fb049f2ee0f40a344edf65b243a6, type: 3}
      propertyPath: m_LocalEulerAnglesHint.x
      value: 0
      objectReference: {fileID: 0}
    - target: {fileID: 2779357271268702139, guid: e0d1fb049f2ee0f40a344edf65b243a6, type: 3}
      propertyPath: m_LocalEulerAnglesHint.y
      value: -0.004
      objectReference: {fileID: 0}
    - target: {fileID: 2779357271268702139, guid: e0d1fb049f2ee0f40a344edf65b243a6, type: 3}
      propertyPath: m_LocalEulerAnglesHint.z
      value: 0
      objectReference: {fileID: 0}
    - target: {fileID: 2779357271268702141, guid: e0d1fb049f2ee0f40a344edf65b243a6, type: 3}
      propertyPath: rooms.Array.data[0].doors.Array.data[0]
      value: 
      objectReference: {fileID: 0}
    - target: {fileID: 2779357271268702141, guid: e0d1fb049f2ee0f40a344edf65b243a6, type: 3}
      propertyPath: rooms.Array.data[0].ghosts.Array.data[0]
      value: 
      objectReference: {fileID: 0}
    - target: {fileID: 2779357271268702141, guid: e0d1fb049f2ee0f40a344edf65b243a6, type: 3}
      propertyPath: rooms.Array.data[0].points.Array.data[0]
      value: 
      objectReference: {fileID: 1017104105}
    - target: {fileID: 2779357271268702143, guid: e0d1fb049f2ee0f40a344edf65b243a6, type: 3}
      propertyPath: crosshair
      value: 
      objectReference: {fileID: 1956736181}
    - target: {fileID: 4403958674633832592, guid: e0d1fb049f2ee0f40a344edf65b243a6, type: 3}
      propertyPath: m_IsActive
      value: 0
      objectReference: {fileID: 0}
    m_RemovedComponents: []
  m_SourcePrefab: {fileID: 100100000, guid: e0d1fb049f2ee0f40a344edf65b243a6, type: 3}
--- !u!1001 &3096812905938448811
PrefabInstance:
  m_ObjectHideFlags: 0
  serializedVersion: 2
  m_Modification:
    m_TransformParent: {fileID: 0}
    m_Modifications:
    - target: {fileID: 3096812906836101360, guid: 3a1bd854ab784b14aa2dc480598b4fcc, type: 3}
      propertyPath: m_RootOrder
      value: 10
      objectReference: {fileID: 0}
    - target: {fileID: 3096812906836101360, guid: 3a1bd854ab784b14aa2dc480598b4fcc, type: 3}
      propertyPath: m_LocalPosition.x
      value: 0
      objectReference: {fileID: 0}
    - target: {fileID: 3096812906836101360, guid: 3a1bd854ab784b14aa2dc480598b4fcc, type: 3}
      propertyPath: m_LocalPosition.y
      value: 0
      objectReference: {fileID: 0}
    - target: {fileID: 3096812906836101360, guid: 3a1bd854ab784b14aa2dc480598b4fcc, type: 3}
      propertyPath: m_LocalPosition.z
      value: 0
      objectReference: {fileID: 0}
    - target: {fileID: 3096812906836101360, guid: 3a1bd854ab784b14aa2dc480598b4fcc, type: 3}
      propertyPath: m_LocalRotation.w
      value: 1
      objectReference: {fileID: 0}
    - target: {fileID: 3096812906836101360, guid: 3a1bd854ab784b14aa2dc480598b4fcc, type: 3}
      propertyPath: m_LocalRotation.x
      value: 0
      objectReference: {fileID: 0}
    - target: {fileID: 3096812906836101360, guid: 3a1bd854ab784b14aa2dc480598b4fcc, type: 3}
      propertyPath: m_LocalRotation.y
      value: 0
      objectReference: {fileID: 0}
    - target: {fileID: 3096812906836101360, guid: 3a1bd854ab784b14aa2dc480598b4fcc, type: 3}
      propertyPath: m_LocalRotation.z
      value: 0
      objectReference: {fileID: 0}
    - target: {fileID: 3096812906836101360, guid: 3a1bd854ab784b14aa2dc480598b4fcc, type: 3}
      propertyPath: m_LocalEulerAnglesHint.x
      value: 0
      objectReference: {fileID: 0}
    - target: {fileID: 3096812906836101360, guid: 3a1bd854ab784b14aa2dc480598b4fcc, type: 3}
      propertyPath: m_LocalEulerAnglesHint.y
      value: 0
      objectReference: {fileID: 0}
    - target: {fileID: 3096812906836101360, guid: 3a1bd854ab784b14aa2dc480598b4fcc, type: 3}
      propertyPath: m_LocalEulerAnglesHint.z
      value: 0
      objectReference: {fileID: 0}
    - target: {fileID: 3096812906836101361, guid: 3a1bd854ab784b14aa2dc480598b4fcc, type: 3}
      propertyPath: m_Name
      value: City0
      objectReference: {fileID: 0}
    m_RemovedComponents: []
  m_SourcePrefab: {fileID: 100100000, guid: 3a1bd854ab784b14aa2dc480598b4fcc, type: 3}
--- !u!1001 &3475561802975440383
PrefabInstance:
  m_ObjectHideFlags: 0
  serializedVersion: 2
  m_Modification:
    m_TransformParent: {fileID: 0}
    m_Modifications:
    - target: {fileID: 3475561802538090867, guid: 82e70ace9eef3b94ea58c487e13b9a6f, type: 3}
      propertyPath: m_Pivot.x
      value: 0
      objectReference: {fileID: 0}
    - target: {fileID: 3475561802538090867, guid: 82e70ace9eef3b94ea58c487e13b9a6f, type: 3}
      propertyPath: m_Pivot.y
      value: 0
      objectReference: {fileID: 0}
    - target: {fileID: 3475561802538090867, guid: 82e70ace9eef3b94ea58c487e13b9a6f, type: 3}
      propertyPath: m_RootOrder
      value: 4
      objectReference: {fileID: 0}
    - target: {fileID: 3475561802538090867, guid: 82e70ace9eef3b94ea58c487e13b9a6f, type: 3}
      propertyPath: m_AnchorMax.x
      value: 0
      objectReference: {fileID: 0}
    - target: {fileID: 3475561802538090867, guid: 82e70ace9eef3b94ea58c487e13b9a6f, type: 3}
      propertyPath: m_AnchorMax.y
      value: 0
      objectReference: {fileID: 0}
    - target: {fileID: 3475561802538090867, guid: 82e70ace9eef3b94ea58c487e13b9a6f, type: 3}
      propertyPath: m_AnchorMin.x
      value: 0
      objectReference: {fileID: 0}
    - target: {fileID: 3475561802538090867, guid: 82e70ace9eef3b94ea58c487e13b9a6f, type: 3}
      propertyPath: m_AnchorMin.y
      value: 0
      objectReference: {fileID: 0}
    - target: {fileID: 3475561802538090867, guid: 82e70ace9eef3b94ea58c487e13b9a6f, type: 3}
      propertyPath: m_SizeDelta.x
      value: 0
      objectReference: {fileID: 0}
    - target: {fileID: 3475561802538090867, guid: 82e70ace9eef3b94ea58c487e13b9a6f, type: 3}
      propertyPath: m_SizeDelta.y
      value: 0
      objectReference: {fileID: 0}
    - target: {fileID: 3475561802538090867, guid: 82e70ace9eef3b94ea58c487e13b9a6f, type: 3}
      propertyPath: m_LocalPosition.x
      value: 0
      objectReference: {fileID: 0}
    - target: {fileID: 3475561802538090867, guid: 82e70ace9eef3b94ea58c487e13b9a6f, type: 3}
      propertyPath: m_LocalPosition.y
      value: 0
      objectReference: {fileID: 0}
    - target: {fileID: 3475561802538090867, guid: 82e70ace9eef3b94ea58c487e13b9a6f, type: 3}
      propertyPath: m_LocalPosition.z
      value: 0
      objectReference: {fileID: 0}
    - target: {fileID: 3475561802538090867, guid: 82e70ace9eef3b94ea58c487e13b9a6f, type: 3}
      propertyPath: m_LocalRotation.w
      value: 1
      objectReference: {fileID: 0}
    - target: {fileID: 3475561802538090867, guid: 82e70ace9eef3b94ea58c487e13b9a6f, type: 3}
      propertyPath: m_LocalRotation.x
      value: 0
      objectReference: {fileID: 0}
    - target: {fileID: 3475561802538090867, guid: 82e70ace9eef3b94ea58c487e13b9a6f, type: 3}
      propertyPath: m_LocalRotation.y
      value: 0
      objectReference: {fileID: 0}
    - target: {fileID: 3475561802538090867, guid: 82e70ace9eef3b94ea58c487e13b9a6f, type: 3}
      propertyPath: m_LocalRotation.z
      value: 0
      objectReference: {fileID: 0}
    - target: {fileID: 3475561802538090867, guid: 82e70ace9eef3b94ea58c487e13b9a6f, type: 3}
      propertyPath: m_AnchoredPosition.x
      value: 0
      objectReference: {fileID: 0}
    - target: {fileID: 3475561802538090867, guid: 82e70ace9eef3b94ea58c487e13b9a6f, type: 3}
      propertyPath: m_AnchoredPosition.y
      value: 0
      objectReference: {fileID: 0}
    - target: {fileID: 3475561802538090867, guid: 82e70ace9eef3b94ea58c487e13b9a6f, type: 3}
      propertyPath: m_LocalEulerAnglesHint.x
      value: 0
      objectReference: {fileID: 0}
    - target: {fileID: 3475561802538090867, guid: 82e70ace9eef3b94ea58c487e13b9a6f, type: 3}
      propertyPath: m_LocalEulerAnglesHint.y
      value: 0
      objectReference: {fileID: 0}
    - target: {fileID: 3475561802538090867, guid: 82e70ace9eef3b94ea58c487e13b9a6f, type: 3}
      propertyPath: m_LocalEulerAnglesHint.z
      value: 0
      objectReference: {fileID: 0}
    - target: {fileID: 3475561802538090869, guid: 82e70ace9eef3b94ea58c487e13b9a6f, type: 3}
      propertyPath: m_MatchWidthOrHeight
      value: 1
      objectReference: {fileID: 0}
    - target: {fileID: 3475561802538090871, guid: 82e70ace9eef3b94ea58c487e13b9a6f, type: 3}
      propertyPath: m_Name
      value: Canvas
      objectReference: {fileID: 0}
    m_RemovedComponents: []
  m_SourcePrefab: {fileID: 100100000, guid: 82e70ace9eef3b94ea58c487e13b9a6f, type: 3}
--- !u!1001 &3610931211348811831
PrefabInstance:
  m_ObjectHideFlags: 0
  serializedVersion: 2
  m_Modification:
    m_TransformParent: {fileID: 0}
    m_Modifications:
    - target: {fileID: 6012990464895566275, guid: 67f531a6667059349a5ce6815d51640a, type: 3}
      propertyPath: m_Name
      value: Room0
      objectReference: {fileID: 0}
    - target: {fileID: 6012990464895566275, guid: 67f531a6667059349a5ce6815d51640a, type: 3}
      propertyPath: m_IsActive
      value: 0
      objectReference: {fileID: 0}
    - target: {fileID: 7711590395165740841, guid: 67f531a6667059349a5ce6815d51640a, type: 3}
      propertyPath: m_RootOrder
      value: 3
      objectReference: {fileID: 0}
    - target: {fileID: 7711590395165740841, guid: 67f531a6667059349a5ce6815d51640a, type: 3}
      propertyPath: m_LocalPosition.x
      value: 0
      objectReference: {fileID: 0}
    - target: {fileID: 7711590395165740841, guid: 67f531a6667059349a5ce6815d51640a, type: 3}
      propertyPath: m_LocalPosition.y
      value: 0
      objectReference: {fileID: 0}
    - target: {fileID: 7711590395165740841, guid: 67f531a6667059349a5ce6815d51640a, type: 3}
      propertyPath: m_LocalPosition.z
      value: 0
      objectReference: {fileID: 0}
    - target: {fileID: 7711590395165740841, guid: 67f531a6667059349a5ce6815d51640a, type: 3}
      propertyPath: m_LocalRotation.w
      value: 0
      objectReference: {fileID: 0}
    - target: {fileID: 7711590395165740841, guid: 67f531a6667059349a5ce6815d51640a, type: 3}
      propertyPath: m_LocalRotation.x
      value: -0
      objectReference: {fileID: 0}
    - target: {fileID: 7711590395165740841, guid: 67f531a6667059349a5ce6815d51640a, type: 3}
      propertyPath: m_LocalRotation.y
      value: 0.7071067
      objectReference: {fileID: 0}
    - target: {fileID: 7711590395165740841, guid: 67f531a6667059349a5ce6815d51640a, type: 3}
      propertyPath: m_LocalRotation.z
      value: 0.7071068
      objectReference: {fileID: 0}
    - target: {fileID: 7711590395165740841, guid: 67f531a6667059349a5ce6815d51640a, type: 3}
      propertyPath: m_LocalEulerAnglesHint.x
      value: 0
      objectReference: {fileID: 0}
    - target: {fileID: 7711590395165740841, guid: 67f531a6667059349a5ce6815d51640a, type: 3}
      propertyPath: m_LocalEulerAnglesHint.y
      value: 0
      objectReference: {fileID: 0}
    - target: {fileID: 7711590395165740841, guid: 67f531a6667059349a5ce6815d51640a, type: 3}
      propertyPath: m_LocalEulerAnglesHint.z
      value: 0
      objectReference: {fileID: 0}
    m_RemovedComponents: []
  m_SourcePrefab: {fileID: 100100000, guid: 67f531a6667059349a5ce6815d51640a, type: 3}
--- !u!1001 &6207517986071889009
PrefabInstance:
  m_ObjectHideFlags: 0
  serializedVersion: 2
  m_Modification:
    m_TransformParent: {fileID: 0}
    m_Modifications:
    - target: {fileID: 6207517986789248488, guid: f148181eafbe9d44daacd9c70755eae0, type: 3}
      propertyPath: moveDelay
      value: 0.25
      objectReference: {fileID: 0}
    - target: {fileID: 6207517986789248488, guid: f148181eafbe9d44daacd9c70755eae0, type: 3}
      propertyPath: rooms.Array.size
      value: 2
      objectReference: {fileID: 0}
    - target: {fileID: 6207517986789248488, guid: f148181eafbe9d44daacd9c70755eae0, type: 3}
      propertyPath: rooms.Array.data[1].doors.Array.size
      value: 1
      objectReference: {fileID: 0}
    - target: {fileID: 6207517986789248488, guid: f148181eafbe9d44daacd9c70755eae0, type: 3}
      propertyPath: rooms.Array.data[0].ghosts.Array.size
      value: 0
      objectReference: {fileID: 0}
    - target: {fileID: 6207517986789248488, guid: f148181eafbe9d44daacd9c70755eae0, type: 3}
      propertyPath: rooms.Array.data[1].points.Array.size
      value: 1
      objectReference: {fileID: 0}
    - target: {fileID: 6207517986789248488, guid: f148181eafbe9d44daacd9c70755eae0, type: 3}
      propertyPath: rooms.Array.data[0].doors.Array.data[0]
      value: 
      objectReference: {fileID: 1290335661}
    - target: {fileID: 6207517986789248488, guid: f148181eafbe9d44daacd9c70755eae0, type: 3}
      propertyPath: rooms.Array.data[1].doors.Array.data[0]
      value: 
      objectReference: {fileID: 474292782}
    - target: {fileID: 6207517986789248488, guid: f148181eafbe9d44daacd9c70755eae0, type: 3}
      propertyPath: rooms.Array.data[0].ghosts.Array.data[0]
      value: 
      objectReference: {fileID: 0}
    - target: {fileID: 6207517986789248488, guid: f148181eafbe9d44daacd9c70755eae0, type: 3}
      propertyPath: rooms.Array.data[0].points.Array.data[0]
      value: 
      objectReference: {fileID: 1017104105}
    - target: {fileID: 6207517986789248488, guid: f148181eafbe9d44daacd9c70755eae0, type: 3}
      propertyPath: rooms.Array.data[1].points.Array.data[0]
      value: 
      objectReference: {fileID: 1537342836}
    - target: {fileID: 6207517986789248488, guid: f148181eafbe9d44daacd9c70755eae0, type: 3}
      propertyPath: rooms.Array.data[0].spawnPoints.Array.size
      value: 2
      objectReference: {fileID: 0}
    - target: {fileID: 6207517986789248488, guid: f148181eafbe9d44daacd9c70755eae0, type: 3}
      propertyPath: rooms.Array.data[1].spawnPoints.Array.size
      value: 2
      objectReference: {fileID: 0}
    - target: {fileID: 6207517986789248488, guid: f148181eafbe9d44daacd9c70755eae0, type: 3}
      propertyPath: rooms.Array.data[0].spawnPoints.Array.data[0]
      value: 
      objectReference: {fileID: 72513779}
    - target: {fileID: 6207517986789248488, guid: f148181eafbe9d44daacd9c70755eae0, type: 3}
      propertyPath: rooms.Array.data[0].spawnPoints.Array.data[1]
      value: 
      objectReference: {fileID: 895761965}
    - target: {fileID: 6207517986789248488, guid: f148181eafbe9d44daacd9c70755eae0, type: 3}
      propertyPath: rooms.Array.data[1].spawnPoints.Array.data[0]
      value: 
      objectReference: {fileID: 1568982263}
    - target: {fileID: 6207517986789248488, guid: f148181eafbe9d44daacd9c70755eae0, type: 3}
      propertyPath: rooms.Array.data[1].spawnPoints.Array.data[1]
      value: 
      objectReference: {fileID: 1531869778}
    - target: {fileID: 6207517986789248489, guid: f148181eafbe9d44daacd9c70755eae0, type: 3}
      propertyPath: m_Name
      value: MAIN
      objectReference: {fileID: 0}
    - target: {fileID: 6207517986789248491, guid: f148181eafbe9d44daacd9c70755eae0, type: 3}
      propertyPath: m_RootOrder
      value: 0
      objectReference: {fileID: 0}
    - target: {fileID: 6207517986789248491, guid: f148181eafbe9d44daacd9c70755eae0, type: 3}
      propertyPath: m_LocalPosition.x
      value: -0.010000229
      objectReference: {fileID: 0}
    - target: {fileID: 6207517986789248491, guid: f148181eafbe9d44daacd9c70755eae0, type: 3}
      propertyPath: m_LocalPosition.y
      value: 0.61000013
      objectReference: {fileID: 0}
    - target: {fileID: 6207517986789248491, guid: f148181eafbe9d44daacd9c70755eae0, type: 3}
      propertyPath: m_LocalPosition.z
      value: -11.51
      objectReference: {fileID: 0}
    - target: {fileID: 6207517986789248491, guid: f148181eafbe9d44daacd9c70755eae0, type: 3}
      propertyPath: m_LocalRotation.w
      value: 1
      objectReference: {fileID: 0}
    - target: {fileID: 6207517986789248491, guid: f148181eafbe9d44daacd9c70755eae0, type: 3}
      propertyPath: m_LocalRotation.x
      value: 0
      objectReference: {fileID: 0}
    - target: {fileID: 6207517986789248491, guid: f148181eafbe9d44daacd9c70755eae0, type: 3}
      propertyPath: m_LocalRotation.y
      value: 0
      objectReference: {fileID: 0}
    - target: {fileID: 6207517986789248491, guid: f148181eafbe9d44daacd9c70755eae0, type: 3}
      propertyPath: m_LocalRotation.z
      value: 0
      objectReference: {fileID: 0}
    - target: {fileID: 6207517986789248491, guid: f148181eafbe9d44daacd9c70755eae0, type: 3}
      propertyPath: m_LocalEulerAnglesHint.x
      value: 0
      objectReference: {fileID: 0}
    - target: {fileID: 6207517986789248491, guid: f148181eafbe9d44daacd9c70755eae0, type: 3}
      propertyPath: m_LocalEulerAnglesHint.y
      value: 0
      objectReference: {fileID: 0}
    - target: {fileID: 6207517986789248491, guid: f148181eafbe9d44daacd9c70755eae0, type: 3}
      propertyPath: m_LocalEulerAnglesHint.z
      value: 0
      objectReference: {fileID: 0}
    m_RemovedComponents: []
  m_SourcePrefab: {fileID: 100100000, guid: f148181eafbe9d44daacd9c70755eae0, type: 3}
