%YAML 1.1
%TAG !u! tag:unity3d.com,2011:
--- !u!29 &1
OcclusionCullingSettings:
  m_ObjectHideFlags: 0
  serializedVersion: 2
  m_OcclusionBakeSettings:
    smallestOccluder: 5
    smallestHole: 0.25
    backfaceThreshold: 100
  m_SceneGUID: 00000000000000000000000000000000
  m_OcclusionCullingData: {fileID: 0}
--- !u!104 &2
RenderSettings:
  m_ObjectHideFlags: 0
  serializedVersion: 9
  m_Fog: 1
  m_FogColor: {r: 0.8254717, g: 0.9824292, b: 1, a: 1}
  m_FogMode: 1
  m_FogDensity: 0.01
  m_LinearFogStart: 15.5
  m_LinearFogEnd: 43.2
  m_AmbientSkyColor: {r: 0, g: 0.009862666, b: 0.4339623, a: 1}
  m_AmbientEquatorColor: {r: 0.114, g: 0.125, b: 0.133, a: 1}
  m_AmbientGroundColor: {r: 0.047, g: 0.043, b: 0.035, a: 1}
  m_AmbientIntensity: 1
  m_AmbientMode: 0
  m_SubtractiveShadowColor: {r: 0, g: 0, b: 0, a: 1}
  m_SkyboxMaterial: {fileID: 2100000, guid: b94a90c9516c9cc42bf2d46a3d63a76a, type: 2}
  m_HaloStrength: 0.5
  m_FlareStrength: 1
  m_FlareFadeSpeed: 3
  m_HaloTexture: {fileID: 0}
  m_SpotCookie: {fileID: 10001, guid: 0000000000000000e000000000000000, type: 0}
  m_DefaultReflectionMode: 0
  m_DefaultReflectionResolution: 128
  m_ReflectionBounces: 1
  m_ReflectionIntensity: 1
  m_CustomReflection: {fileID: 0}
  m_Sun: {fileID: 0}
  m_IndirectSpecularColor: {r: 0.15941004, g: 0.586759, b: 0.98933595, a: 1}
  m_UseRadianceAmbientProbe: 0
--- !u!157 &3
LightmapSettings:
  m_ObjectHideFlags: 0
  serializedVersion: 12
  m_GIWorkflowMode: 1
  m_GISettings:
    serializedVersion: 2
    m_BounceScale: 1
    m_IndirectOutputScale: 1
    m_AlbedoBoost: 1
    m_EnvironmentLightingMode: 0
    m_EnableBakedLightmaps: 1
    m_EnableRealtimeLightmaps: 0
  m_LightmapEditorSettings:
    serializedVersion: 12
    m_Resolution: 2
    m_BakeResolution: 40
    m_AtlasSize: 1024
    m_AO: 0
    m_AOMaxDistance: 1
    m_CompAOExponent: 1
    m_CompAOExponentDirect: 0
    m_ExtractAmbientOcclusion: 0
    m_Padding: 2
    m_LightmapParameters: {fileID: 0}
    m_LightmapsBakeMode: 1
    m_TextureCompression: 1
    m_FinalGather: 0
    m_FinalGatherFiltering: 1
    m_FinalGatherRayCount: 256
    m_ReflectionCompression: 2
    m_MixedBakeMode: 2
    m_BakeBackend: 1
    m_PVRSampling: 1
    m_PVRDirectSampleCount: 32
    m_PVRSampleCount: 512
    m_PVRBounces: 2
    m_PVREnvironmentSampleCount: 256
    m_PVREnvironmentReferencePointCount: 2048
    m_PVRFilteringMode: 1
    m_PVRDenoiserTypeDirect: 1
    m_PVRDenoiserTypeIndirect: 1
    m_PVRDenoiserTypeAO: 1
    m_PVRFilterTypeDirect: 0
    m_PVRFilterTypeIndirect: 0
    m_PVRFilterTypeAO: 0
    m_PVREnvironmentMIS: 1
    m_PVRCulling: 1
    m_PVRFilteringGaussRadiusDirect: 1
    m_PVRFilteringGaussRadiusIndirect: 5
    m_PVRFilteringGaussRadiusAO: 2
    m_PVRFilteringAtrousPositionSigmaDirect: 0.5
    m_PVRFilteringAtrousPositionSigmaIndirect: 2
    m_PVRFilteringAtrousPositionSigmaAO: 1
    m_ExportTrainingData: 0
    m_TrainingDataDestination: TrainingData
    m_LightProbeSampleCountMultiplier: 4
  m_LightingDataAsset: {fileID: 0}
  m_LightingSettings: {fileID: 0}
--- !u!196 &4
NavMeshSettings:
  serializedVersion: 2
  m_ObjectHideFlags: 0
  m_BuildSettings:
    serializedVersion: 2
    agentTypeID: 0
    agentRadius: 0.5
    agentHeight: 2
    agentSlope: 45
    agentClimb: 0.4
    ledgeDropHeight: 0
    maxJumpAcrossDistance: 0
    minRegionArea: 2
    manualCellSize: 0
    cellSize: 0.16666667
    manualTileSize: 0
    tileSize: 256
    accuratePlacement: 0
    maxJobWorkers: 0
    preserveTilesOutsideBounds: 0
    debug:
      m_Flags: 0
  m_NavMeshData: {fileID: 0}
--- !u!1001 &36670039
PrefabInstance:
  m_ObjectHideFlags: 0
  serializedVersion: 2
  m_Modification:
    m_TransformParent: {fileID: 0}
    m_Modifications:
    - target: {fileID: 7566820233081924178, guid: aa9f6912d98132c469b27d8297a436c0, type: 3}
      propertyPath: m_RootOrder
      value: 23
      objectReference: {fileID: 0}
    - target: {fileID: 7566820233081924178, guid: aa9f6912d98132c469b27d8297a436c0, type: 3}
      propertyPath: m_LocalScale.x
      value: 42.299
      objectReference: {fileID: 0}
    - target: {fileID: 7566820233081924178, guid: aa9f6912d98132c469b27d8297a436c0, type: 3}
      propertyPath: m_LocalScale.y
      value: 42.298992
      objectReference: {fileID: 0}
    - target: {fileID: 7566820233081924178, guid: aa9f6912d98132c469b27d8297a436c0, type: 3}
      propertyPath: m_LocalScale.z
      value: 42.298992
      objectReference: {fileID: 0}
    - target: {fileID: 7566820233081924178, guid: aa9f6912d98132c469b27d8297a436c0, type: 3}
      propertyPath: m_LocalPosition.x
      value: 8.754
      objectReference: {fileID: 0}
    - target: {fileID: 7566820233081924178, guid: aa9f6912d98132c469b27d8297a436c0, type: 3}
      propertyPath: m_LocalPosition.y
      value: -0.798
      objectReference: {fileID: 0}
    - target: {fileID: 7566820233081924178, guid: aa9f6912d98132c469b27d8297a436c0, type: 3}
      propertyPath: m_LocalPosition.z
      value: 22.079
      objectReference: {fileID: 0}
    - target: {fileID: 7566820233081924178, guid: aa9f6912d98132c469b27d8297a436c0, type: 3}
      propertyPath: m_LocalRotation.w
      value: -0.14953162
      objectReference: {fileID: 0}
    - target: {fileID: 7566820233081924178, guid: aa9f6912d98132c469b27d8297a436c0, type: 3}
      propertyPath: m_LocalRotation.x
      value: 0.14953162
      objectReference: {fileID: 0}
    - target: {fileID: 7566820233081924178, guid: aa9f6912d98132c469b27d8297a436c0, type: 3}
      propertyPath: m_LocalRotation.y
      value: 0.69111526
      objectReference: {fileID: 0}
    - target: {fileID: 7566820233081924178, guid: aa9f6912d98132c469b27d8297a436c0, type: 3}
      propertyPath: m_LocalRotation.z
      value: 0.6911154
      objectReference: {fileID: 0}
    - target: {fileID: 7566820233081924178, guid: aa9f6912d98132c469b27d8297a436c0, type: 3}
      propertyPath: m_LocalEulerAnglesHint.x
      value: -90
      objectReference: {fileID: 0}
    - target: {fileID: 7566820233081924178, guid: aa9f6912d98132c469b27d8297a436c0, type: 3}
      propertyPath: m_LocalEulerAnglesHint.y
      value: 0
      objectReference: {fileID: 0}
    - target: {fileID: 7566820233081924178, guid: aa9f6912d98132c469b27d8297a436c0, type: 3}
      propertyPath: m_LocalEulerAnglesHint.z
      value: 204.417
      objectReference: {fileID: 0}
    - target: {fileID: 7857628727174615122, guid: aa9f6912d98132c469b27d8297a436c0, type: 3}
      propertyPath: money.x
      value: 0
      objectReference: {fileID: 0}
    - target: {fileID: 7857628727174615122, guid: aa9f6912d98132c469b27d8297a436c0, type: 3}
      propertyPath: money.y
      value: 0
      objectReference: {fileID: 0}
    - target: {fileID: 8755842998251971357, guid: aa9f6912d98132c469b27d8297a436c0, type: 3}
      propertyPath: m_Name
      value: Box (7)
      objectReference: {fileID: 0}
    m_RemovedComponents: []
  m_SourcePrefab: {fileID: 100100000, guid: aa9f6912d98132c469b27d8297a436c0, type: 3}
--- !u!1001 &39101645
PrefabInstance:
  m_ObjectHideFlags: 0
  serializedVersion: 2
  m_Modification:
    m_TransformParent: {fileID: 0}
    m_Modifications:
    - target: {fileID: 7566820233081924178, guid: aa9f6912d98132c469b27d8297a436c0, type: 3}
      propertyPath: m_RootOrder
      value: 17
      objectReference: {fileID: 0}
    - target: {fileID: 7566820233081924178, guid: aa9f6912d98132c469b27d8297a436c0, type: 3}
      propertyPath: m_LocalPosition.x
      value: -2.35
      objectReference: {fileID: 0}
    - target: {fileID: 7566820233081924178, guid: aa9f6912d98132c469b27d8297a436c0, type: 3}
      propertyPath: m_LocalPosition.y
      value: -0.5
      objectReference: {fileID: 0}
    - target: {fileID: 7566820233081924178, guid: aa9f6912d98132c469b27d8297a436c0, type: 3}
      propertyPath: m_LocalPosition.z
      value: -5.296
      objectReference: {fileID: 0}
    - target: {fileID: 7566820233081924178, guid: aa9f6912d98132c469b27d8297a436c0, type: 3}
      propertyPath: m_LocalRotation.w
      value: 0.24226357
      objectReference: {fileID: 0}
    - target: {fileID: 7566820233081924178, guid: aa9f6912d98132c469b27d8297a436c0, type: 3}
      propertyPath: m_LocalRotation.x
      value: -0.24226353
      objectReference: {fileID: 0}
    - target: {fileID: 7566820233081924178, guid: aa9f6912d98132c469b27d8297a436c0, type: 3}
      propertyPath: m_LocalRotation.y
      value: 0.6643104
      objectReference: {fileID: 0}
    - target: {fileID: 7566820233081924178, guid: aa9f6912d98132c469b27d8297a436c0, type: 3}
      propertyPath: m_LocalRotation.z
      value: 0.6643105
      objectReference: {fileID: 0}
    - target: {fileID: 7566820233081924178, guid: aa9f6912d98132c469b27d8297a436c0, type: 3}
      propertyPath: m_LocalEulerAnglesHint.x
      value: -90
      objectReference: {fileID: 0}
    - target: {fileID: 7566820233081924178, guid: aa9f6912d98132c469b27d8297a436c0, type: 3}
      propertyPath: m_LocalEulerAnglesHint.y
      value: 0
      objectReference: {fileID: 0}
    - target: {fileID: 7566820233081924178, guid: aa9f6912d98132c469b27d8297a436c0, type: 3}
      propertyPath: m_LocalEulerAnglesHint.z
      value: 139.928
      objectReference: {fileID: 0}
    - target: {fileID: 8755842998251971357, guid: aa9f6912d98132c469b27d8297a436c0, type: 3}
      propertyPath: m_Name
      value: Box (1)
      objectReference: {fileID: 0}
    m_RemovedComponents: []
  m_SourcePrefab: {fileID: 100100000, guid: aa9f6912d98132c469b27d8297a436c0, type: 3}
--- !u!1 &72513778
GameObject:
  m_ObjectHideFlags: 0
  m_CorrespondingSourceObject: {fileID: 0}
  m_PrefabInstance: {fileID: 0}
  m_PrefabAsset: {fileID: 0}
  serializedVersion: 6
  m_Component:
  - component: {fileID: 72513779}
  m_Layer: 0
  m_Name: spawn
  m_TagString: Untagged
  m_Icon: {fileID: 7174288486110832750, guid: 0000000000000000d000000000000000, type: 0}
  m_NavMeshLayer: 0
  m_StaticEditorFlags: 0
  m_IsActive: 1
--- !u!4 &72513779
Transform:
  m_ObjectHideFlags: 0
  m_CorrespondingSourceObject: {fileID: 0}
  m_PrefabInstance: {fileID: 0}
  m_PrefabAsset: {fileID: 0}
  m_GameObject: {fileID: 72513778}
  m_LocalRotation: {x: 0, y: 0, z: 0, w: 1}
  m_LocalPosition: {x: 0.39, y: -0.93, z: -6.05}
  m_LocalScale: {x: 1, y: 1, z: 1}
  m_Children: []
  m_Father: {fileID: 0}
  m_RootOrder: 26
  m_LocalEulerAnglesHint: {x: 0, y: 0, z: 0}
--- !u!1001 &105082890
PrefabInstance:
  m_ObjectHideFlags: 0
  serializedVersion: 2
  m_Modification:
    m_TransformParent: {fileID: 0}
    m_Modifications:
    - target: {fileID: 7566820233081924178, guid: aa9f6912d98132c469b27d8297a436c0, type: 3}
      propertyPath: m_RootOrder
      value: 19
      objectReference: {fileID: 0}
    - target: {fileID: 7566820233081924178, guid: aa9f6912d98132c469b27d8297a436c0, type: 3}
      propertyPath: m_LocalScale.x
      value: 54.755
      objectReference: {fileID: 0}
    - target: {fileID: 7566820233081924178, guid: aa9f6912d98132c469b27d8297a436c0, type: 3}
      propertyPath: m_LocalScale.y
      value: 54.754993
      objectReference: {fileID: 0}
    - target: {fileID: 7566820233081924178, guid: aa9f6912d98132c469b27d8297a436c0, type: 3}
      propertyPath: m_LocalScale.z
      value: 54.754993
      objectReference: {fileID: 0}
    - target: {fileID: 7566820233081924178, guid: aa9f6912d98132c469b27d8297a436c0, type: 3}
      propertyPath: m_LocalPosition.x
      value: 4.31
      objectReference: {fileID: 0}
    - target: {fileID: 7566820233081924178, guid: aa9f6912d98132c469b27d8297a436c0, type: 3}
      propertyPath: m_LocalPosition.y
      value: -0.722
      objectReference: {fileID: 0}
    - target: {fileID: 7566820233081924178, guid: aa9f6912d98132c469b27d8297a436c0, type: 3}
      propertyPath: m_LocalPosition.z
      value: 2.587
      objectReference: {fileID: 0}
    - target: {fileID: 7566820233081924178, guid: aa9f6912d98132c469b27d8297a436c0, type: 3}
      propertyPath: m_LocalRotation.w
      value: 0.11386128
      objectReference: {fileID: 0}
    - target: {fileID: 7566820233081924178, guid: aa9f6912d98132c469b27d8297a436c0, type: 3}
      propertyPath: m_LocalRotation.x
      value: -0.11386127
      objectReference: {fileID: 0}
    - target: {fileID: 7566820233081924178, guid: aa9f6912d98132c469b27d8297a436c0, type: 3}
      propertyPath: m_LocalRotation.y
      value: 0.6978793
      objectReference: {fileID: 0}
    - target: {fileID: 7566820233081924178, guid: aa9f6912d98132c469b27d8297a436c0, type: 3}
      propertyPath: m_LocalRotation.z
      value: 0.6978795
      objectReference: {fileID: 0}
    - target: {fileID: 7566820233081924178, guid: aa9f6912d98132c469b27d8297a436c0, type: 3}
      propertyPath: m_LocalEulerAnglesHint.x
      value: -90
      objectReference: {fileID: 0}
    - target: {fileID: 7566820233081924178, guid: aa9f6912d98132c469b27d8297a436c0, type: 3}
      propertyPath: m_LocalEulerAnglesHint.y
      value: 0
      objectReference: {fileID: 0}
    - target: {fileID: 7566820233081924178, guid: aa9f6912d98132c469b27d8297a436c0, type: 3}
      propertyPath: m_LocalEulerAnglesHint.z
      value: 161.467
      objectReference: {fileID: 0}
    - target: {fileID: 8755842998251971357, guid: aa9f6912d98132c469b27d8297a436c0, type: 3}
      propertyPath: m_Name
      value: Box (3)
      objectReference: {fileID: 0}
    m_RemovedComponents: []
  m_SourcePrefab: {fileID: 100100000, guid: aa9f6912d98132c469b27d8297a436c0, type: 3}
--- !u!1001 &158114387
PrefabInstance:
  m_ObjectHideFlags: 0
  serializedVersion: 2
  m_Modification:
    m_TransformParent: {fileID: 0}
    m_Modifications:
    - target: {fileID: 8977518460260025920, guid: dbbf4ae37af89074e83629494758402b, type: 3}
      propertyPath: m_Name
      value: City2
      objectReference: {fileID: 0}
    - target: {fileID: 8977518460260025927, guid: dbbf4ae37af89074e83629494758402b, type: 3}
      propertyPath: m_RootOrder
      value: 8
      objectReference: {fileID: 0}
    - target: {fileID: 8977518460260025927, guid: dbbf4ae37af89074e83629494758402b, type: 3}
      propertyPath: m_LocalPosition.x
      value: 3.6
      objectReference: {fileID: 0}
    - target: {fileID: 8977518460260025927, guid: dbbf4ae37af89074e83629494758402b, type: 3}
      propertyPath: m_LocalPosition.y
      value: -0.62
      objectReference: {fileID: 0}
    - target: {fileID: 8977518460260025927, guid: dbbf4ae37af89074e83629494758402b, type: 3}
      propertyPath: m_LocalPosition.z
      value: 35.57
      objectReference: {fileID: 0}
    - target: {fileID: 8977518460260025927, guid: dbbf4ae37af89074e83629494758402b, type: 3}
      propertyPath: m_LocalRotation.w
      value: 0.9238458
      objectReference: {fileID: 0}
    - target: {fileID: 8977518460260025927, guid: dbbf4ae37af89074e83629494758402b, type: 3}
      propertyPath: m_LocalRotation.x
      value: -0
      objectReference: {fileID: 0}
    - target: {fileID: 8977518460260025927, guid: dbbf4ae37af89074e83629494758402b, type: 3}
      propertyPath: m_LocalRotation.y
      value: 0.3827649
      objectReference: {fileID: 0}
    - target: {fileID: 8977518460260025927, guid: dbbf4ae37af89074e83629494758402b, type: 3}
      propertyPath: m_LocalRotation.z
      value: -0
      objectReference: {fileID: 0}
    - target: {fileID: 8977518460260025927, guid: dbbf4ae37af89074e83629494758402b, type: 3}
      propertyPath: m_LocalEulerAnglesHint.x
      value: 0
      objectReference: {fileID: 0}
    - target: {fileID: 8977518460260025927, guid: dbbf4ae37af89074e83629494758402b, type: 3}
      propertyPath: m_LocalEulerAnglesHint.y
      value: 45.01
      objectReference: {fileID: 0}
    - target: {fileID: 8977518460260025927, guid: dbbf4ae37af89074e83629494758402b, type: 3}
      propertyPath: m_LocalEulerAnglesHint.z
      value: 0
      objectReference: {fileID: 0}
    m_RemovedComponents: []
  m_SourcePrefab: {fileID: 100100000, guid: dbbf4ae37af89074e83629494758402b, type: 3}
--- !u!1001 &268951203
PrefabInstance:
  m_ObjectHideFlags: 0
  serializedVersion: 2
  m_Modification:
    m_TransformParent: {fileID: 0}
    m_Modifications:
    - target: {fileID: 6996988080571443207, guid: a9165fe936f7f8a40bc304d1e62bee30, type: 3}
      propertyPath: m_Name
      value: City4
      objectReference: {fileID: 0}
    - target: {fileID: 9094929985885122142, guid: a9165fe936f7f8a40bc304d1e62bee30, type: 3}
      propertyPath: m_RootOrder
      value: 6
      objectReference: {fileID: 0}
    - target: {fileID: 9094929985885122142, guid: a9165fe936f7f8a40bc304d1e62bee30, type: 3}
      propertyPath: m_LocalPosition.x
      value: 0.31
      objectReference: {fileID: 0}
    - target: {fileID: 9094929985885122142, guid: a9165fe936f7f8a40bc304d1e62bee30, type: 3}
      propertyPath: m_LocalPosition.y
      value: 0.01
      objectReference: {fileID: 0}
    - target: {fileID: 9094929985885122142, guid: a9165fe936f7f8a40bc304d1e62bee30, type: 3}
      propertyPath: m_LocalPosition.z
      value: -5
      objectReference: {fileID: 0}
    - target: {fileID: 9094929985885122142, guid: a9165fe936f7f8a40bc304d1e62bee30, type: 3}
      propertyPath: m_LocalRotation.w
      value: 1
      objectReference: {fileID: 0}
    - target: {fileID: 9094929985885122142, guid: a9165fe936f7f8a40bc304d1e62bee30, type: 3}
      propertyPath: m_LocalRotation.x
      value: 0
      objectReference: {fileID: 0}
    - target: {fileID: 9094929985885122142, guid: a9165fe936f7f8a40bc304d1e62bee30, type: 3}
      propertyPath: m_LocalRotation.y
      value: 0
      objectReference: {fileID: 0}
    - target: {fileID: 9094929985885122142, guid: a9165fe936f7f8a40bc304d1e62bee30, type: 3}
      propertyPath: m_LocalRotation.z
      value: 0
      objectReference: {fileID: 0}
    - target: {fileID: 9094929985885122142, guid: a9165fe936f7f8a40bc304d1e62bee30, type: 3}
      propertyPath: m_LocalEulerAnglesHint.x
      value: 0
      objectReference: {fileID: 0}
    - target: {fileID: 9094929985885122142, guid: a9165fe936f7f8a40bc304d1e62bee30, type: 3}
      propertyPath: m_LocalEulerAnglesHint.y
      value: 0
      objectReference: {fileID: 0}
    - target: {fileID: 9094929985885122142, guid: a9165fe936f7f8a40bc304d1e62bee30, type: 3}
      propertyPath: m_LocalEulerAnglesHint.z
      value: 0
      objectReference: {fileID: 0}
    m_RemovedComponents: []
  m_SourcePrefab: {fileID: 100100000, guid: a9165fe936f7f8a40bc304d1e62bee30, type: 3}
--- !u!1 &377616265
GameObject:
  m_ObjectHideFlags: 0
  m_CorrespondingSourceObject: {fileID: 0}
  m_PrefabInstance: {fileID: 0}
  m_PrefabAsset: {fileID: 0}
  serializedVersion: 6
  m_Component:
  - component: {fileID: 377616268}
  - component: {fileID: 377616267}
  - component: {fileID: 377616266}
  m_Layer: 0
  m_Name: Room0 (2)
  m_TagString: Untagged
  m_Icon: {fileID: 0}
  m_NavMeshLayer: 0
  m_StaticEditorFlags: 0
  m_IsActive: 0
--- !u!23 &377616266
MeshRenderer:
  m_ObjectHideFlags: 0
  m_CorrespondingSourceObject: {fileID: 0}
  m_PrefabInstance: {fileID: 0}
  m_PrefabAsset: {fileID: 0}
  m_GameObject: {fileID: 377616265}
  m_Enabled: 1
  m_CastShadows: 1
  m_ReceiveShadows: 1
  m_DynamicOccludee: 1
  m_MotionVectors: 1
  m_LightProbeUsage: 1
  m_ReflectionProbeUsage: 1
  m_RayTracingMode: 2
  m_RayTraceProcedural: 0
  m_RenderingLayerMask: 1
  m_RendererPriority: 0
  m_Materials:
  - {fileID: 2100000, guid: 639fa025c6516e64bac15560361f00a4, type: 2}
  - {fileID: 2100000, guid: 7b8e774334379434598415cc58227fc2, type: 2}
  m_StaticBatchInfo:
    firstSubMesh: 0
    subMeshCount: 0
  m_StaticBatchRoot: {fileID: 0}
  m_ProbeAnchor: {fileID: 0}
  m_LightProbeVolumeOverride: {fileID: 0}
  m_ScaleInLightmap: 1
  m_ReceiveGI: 1
  m_PreserveUVs: 0
  m_IgnoreNormalsForChartDetection: 0
  m_ImportantGI: 0
  m_StitchLightmapSeams: 1
  m_SelectedEditorRenderState: 3
  m_MinimumChartSize: 4
  m_AutoUVMaxDistance: 0.5
  m_AutoUVMaxAngle: 89
  m_LightmapParameters: {fileID: 0}
  m_SortingLayerID: 0
  m_SortingLayer: 0
  m_SortingOrder: 0
  m_AdditionalVertexStreams: {fileID: 0}
--- !u!33 &377616267
MeshFilter:
  m_ObjectHideFlags: 0
  m_CorrespondingSourceObject: {fileID: 0}
  m_PrefabInstance: {fileID: 0}
  m_PrefabAsset: {fileID: 0}
  m_GameObject: {fileID: 377616265}
  m_Mesh: {fileID: -5495902117074765545, guid: 2c3ab65717db37141ab798157cb4ba1f, type: 3}
--- !u!4 &377616268
Transform:
  m_ObjectHideFlags: 0
  m_CorrespondingSourceObject: {fileID: 0}
  m_PrefabInstance: {fileID: 0}
  m_PrefabAsset: {fileID: 0}
  m_GameObject: {fileID: 377616265}
  m_LocalRotation: {x: -0.7071068, y: -0, z: -0, w: 0.7071067}
  m_LocalPosition: {x: 0, y: -0, z: -10.2}
  m_LocalScale: {x: 100, y: 99.999985, z: 99.999985}
  m_Children: []
  m_Father: {fileID: 0}
  m_RootOrder: 10
  m_LocalEulerAnglesHint: {x: 0, y: 0, z: 0}
--- !u!1 &456647183
GameObject:
  m_ObjectHideFlags: 0
  m_CorrespondingSourceObject: {fileID: 0}
  m_PrefabInstance: {fileID: 0}
  m_PrefabAsset: {fileID: 0}
  serializedVersion: 6
  m_Component:
  - component: {fileID: 456647184}
  m_Layer: 0
  m_Name: pointMovement (1)
  m_TagString: Untagged
  m_Icon: {fileID: 7174288486110832750, guid: 0000000000000000d000000000000000, type: 0}
  m_NavMeshLayer: 0
  m_StaticEditorFlags: 0
  m_IsActive: 1
--- !u!4 &456647184
Transform:
  m_ObjectHideFlags: 0
  m_CorrespondingSourceObject: {fileID: 0}
  m_PrefabInstance: {fileID: 0}
  m_PrefabAsset: {fileID: 0}
  m_GameObject: {fileID: 456647183}
  m_LocalRotation: {x: 0, y: 0, z: 0, w: 1}
  m_LocalPosition: {x: 5.94, y: 0.53, z: -5.32}
  m_LocalScale: {x: 1, y: 1, z: 1}
  m_Children: []
  m_Father: {fileID: 0}
  m_RootOrder: 27
  m_LocalEulerAnglesHint: {x: 0, y: 0, z: 0}
--- !u!1001 &559253277
PrefabInstance:
  m_ObjectHideFlags: 0
  serializedVersion: 2
  m_Modification:
    m_TransformParent: {fileID: 0}
    m_Modifications:
    - target: {fileID: 7566820233081924178, guid: aa9f6912d98132c469b27d8297a436c0, type: 3}
      propertyPath: m_RootOrder
      value: 18
      objectReference: {fileID: 0}
    - target: {fileID: 7566820233081924178, guid: aa9f6912d98132c469b27d8297a436c0, type: 3}
      propertyPath: m_LocalScale.x
      value: 54.755
      objectReference: {fileID: 0}
    - target: {fileID: 7566820233081924178, guid: aa9f6912d98132c469b27d8297a436c0, type: 3}
      propertyPath: m_LocalScale.y
      value: 54.754993
      objectReference: {fileID: 0}
    - target: {fileID: 7566820233081924178, guid: aa9f6912d98132c469b27d8297a436c0, type: 3}
      propertyPath: m_LocalScale.z
      value: 54.754993
      objectReference: {fileID: 0}
    - target: {fileID: 7566820233081924178, guid: aa9f6912d98132c469b27d8297a436c0, type: 3}
      propertyPath: m_LocalPosition.x
      value: 4.53
      objectReference: {fileID: 0}
    - target: {fileID: 7566820233081924178, guid: aa9f6912d98132c469b27d8297a436c0, type: 3}
      propertyPath: m_LocalPosition.y
      value: -0.722
      objectReference: {fileID: 0}
    - target: {fileID: 7566820233081924178, guid: aa9f6912d98132c469b27d8297a436c0, type: 3}
      propertyPath: m_LocalPosition.z
      value: 1.91
      objectReference: {fileID: 0}
    - target: {fileID: 7566820233081924178, guid: aa9f6912d98132c469b27d8297a436c0, type: 3}
      propertyPath: m_LocalRotation.w
      value: -0.14390956
      objectReference: {fileID: 0}
    - target: {fileID: 7566820233081924178, guid: aa9f6912d98132c469b27d8297a436c0, type: 3}
      propertyPath: m_LocalRotation.x
      value: 0.14390953
      objectReference: {fileID: 0}
    - target: {fileID: 7566820233081924178, guid: aa9f6912d98132c469b27d8297a436c0, type: 3}
      propertyPath: m_LocalRotation.y
      value: 0.6923077
      objectReference: {fileID: 0}
    - target: {fileID: 7566820233081924178, guid: aa9f6912d98132c469b27d8297a436c0, type: 3}
      propertyPath: m_LocalRotation.z
      value: 0.69230783
      objectReference: {fileID: 0}
    - target: {fileID: 7566820233081924178, guid: aa9f6912d98132c469b27d8297a436c0, type: 3}
      propertyPath: m_LocalEulerAnglesHint.x
      value: -90
      objectReference: {fileID: 0}
    - target: {fileID: 7566820233081924178, guid: aa9f6912d98132c469b27d8297a436c0, type: 3}
      propertyPath: m_LocalEulerAnglesHint.y
      value: 0
      objectReference: {fileID: 0}
    - target: {fileID: 7566820233081924178, guid: aa9f6912d98132c469b27d8297a436c0, type: 3}
      propertyPath: m_LocalEulerAnglesHint.z
      value: 203.486
      objectReference: {fileID: 0}
    - target: {fileID: 7857628727174615122, guid: aa9f6912d98132c469b27d8297a436c0, type: 3}
      propertyPath: money.x
      value: 0
      objectReference: {fileID: 0}
    - target: {fileID: 7857628727174615122, guid: aa9f6912d98132c469b27d8297a436c0, type: 3}
      propertyPath: money.y
      value: 0
      objectReference: {fileID: 0}
    - target: {fileID: 8755842998251971357, guid: aa9f6912d98132c469b27d8297a436c0, type: 3}
      propertyPath: m_Name
      value: Box (2)
      objectReference: {fileID: 0}
    m_RemovedComponents: []
  m_SourcePrefab: {fileID: 100100000, guid: aa9f6912d98132c469b27d8297a436c0, type: 3}
--- !u!1001 &617255532
PrefabInstance:
  m_ObjectHideFlags: 0
  serializedVersion: 2
  m_Modification:
    m_TransformParent: {fileID: 0}
    m_Modifications:
    - target: {fileID: 1236695072759092155, guid: 91a2d7cdb8b910944a9c8ed5f03b85cf, type: 3}
      propertyPath: m_RootOrder
      value: 4
      objectReference: {fileID: 0}
    - target: {fileID: 1236695072759092155, guid: 91a2d7cdb8b910944a9c8ed5f03b85cf, type: 3}
      propertyPath: m_LocalPosition.x
      value: 6.481
      objectReference: {fileID: 0}
    - target: {fileID: 1236695072759092155, guid: 91a2d7cdb8b910944a9c8ed5f03b85cf, type: 3}
      propertyPath: m_LocalPosition.y
      value: -0.9874706
      objectReference: {fileID: 0}
    - target: {fileID: 1236695072759092155, guid: 91a2d7cdb8b910944a9c8ed5f03b85cf, type: 3}
      propertyPath: m_LocalPosition.z
      value: 3.118
      objectReference: {fileID: 0}
    - target: {fileID: 1236695072759092155, guid: 91a2d7cdb8b910944a9c8ed5f03b85cf, type: 3}
      propertyPath: m_LocalRotation.w
      value: 1
      objectReference: {fileID: 0}
    - target: {fileID: 1236695072759092155, guid: 91a2d7cdb8b910944a9c8ed5f03b85cf, type: 3}
      propertyPath: m_LocalRotation.x
      value: 0
      objectReference: {fileID: 0}
    - target: {fileID: 1236695072759092155, guid: 91a2d7cdb8b910944a9c8ed5f03b85cf, type: 3}
      propertyPath: m_LocalRotation.y
      value: 0
      objectReference: {fileID: 0}
    - target: {fileID: 1236695072759092155, guid: 91a2d7cdb8b910944a9c8ed5f03b85cf, type: 3}
      propertyPath: m_LocalRotation.z
      value: 0
      objectReference: {fileID: 0}
    - target: {fileID: 1236695072759092155, guid: 91a2d7cdb8b910944a9c8ed5f03b85cf, type: 3}
      propertyPath: m_LocalEulerAnglesHint.x
      value: 0
      objectReference: {fileID: 0}
    - target: {fileID: 1236695072759092155, guid: 91a2d7cdb8b910944a9c8ed5f03b85cf, type: 3}
      propertyPath: m_LocalEulerAnglesHint.y
      value: 0
      objectReference: {fileID: 0}
    - target: {fileID: 1236695072759092155, guid: 91a2d7cdb8b910944a9c8ed5f03b85cf, type: 3}
      propertyPath: m_LocalEulerAnglesHint.z
      value: 0
      objectReference: {fileID: 0}
    - target: {fileID: 2451693394870239215, guid: 91a2d7cdb8b910944a9c8ed5f03b85cf, type: 3}
      propertyPath: m_Name
      value: Door
      objectReference: {fileID: 0}
    - target: {fileID: 4909292657349960156, guid: 91a2d7cdb8b910944a9c8ed5f03b85cf, type: 3}
      propertyPath: m_Mesh
      value: 
      objectReference: {fileID: -6657180443270484345, guid: 2c3ab65717db37141ab798157cb4ba1f, type: 3}
    - target: {fileID: 7576560145894310890, guid: 91a2d7cdb8b910944a9c8ed5f03b85cf, type: 3}
      propertyPath: m_Mesh
      value: 
      objectReference: {fileID: -6657180443270484345, guid: 2c3ab65717db37141ab798157cb4ba1f, type: 3}
    m_RemovedComponents: []
  m_SourcePrefab: {fileID: 100100000, guid: 91a2d7cdb8b910944a9c8ed5f03b85cf, type: 3}
--- !u!1 &624924681
GameObject:
  m_ObjectHideFlags: 0
  m_CorrespondingSourceObject: {fileID: 0}
  m_PrefabInstance: {fileID: 0}
  m_PrefabAsset: {fileID: 0}
  serializedVersion: 6
  m_Component:
  - component: {fileID: 624924682}
  m_Layer: 0
  m_Name: pointMovement (2)
  m_TagString: Untagged
  m_Icon: {fileID: 7174288486110832750, guid: 0000000000000000d000000000000000, type: 0}
  m_NavMeshLayer: 0
  m_StaticEditorFlags: 0
  m_IsActive: 1
--- !u!4 &624924682
Transform:
  m_ObjectHideFlags: 0
  m_CorrespondingSourceObject: {fileID: 0}
  m_PrefabInstance: {fileID: 0}
  m_PrefabAsset: {fileID: 0}
  m_GameObject: {fileID: 624924681}
  m_LocalRotation: {x: 0, y: 0, z: 0, w: 1}
  m_LocalPosition: {x: 6.57, y: 0.53, z: 5.45}
  m_LocalScale: {x: 1, y: 1, z: 1}
  m_Children: []
  m_Father: {fileID: 0}
  m_RootOrder: 29
  m_LocalEulerAnglesHint: {x: 0, y: 0, z: 0}
--- !u!1001 &658843251
PrefabInstance:
  m_ObjectHideFlags: 0
  serializedVersion: 2
  m_Modification:
    m_TransformParent: {fileID: 0}
    m_Modifications:
    - target: {fileID: 7566820233081924178, guid: aa9f6912d98132c469b27d8297a436c0, type: 3}
      propertyPath: m_RootOrder
      value: 3
      objectReference: {fileID: 0}
    - target: {fileID: 7566820233081924178, guid: aa9f6912d98132c469b27d8297a436c0, type: 3}
      propertyPath: m_LocalPosition.x
      value: -3.5578558
      objectReference: {fileID: 0}
    - target: {fileID: 7566820233081924178, guid: aa9f6912d98132c469b27d8297a436c0, type: 3}
      propertyPath: m_LocalPosition.y
      value: -0.5
      objectReference: {fileID: 0}
    - target: {fileID: 7566820233081924178, guid: aa9f6912d98132c469b27d8297a436c0, type: 3}
      propertyPath: m_LocalPosition.z
      value: -5.332546
      objectReference: {fileID: 0}
    - target: {fileID: 7566820233081924178, guid: aa9f6912d98132c469b27d8297a436c0, type: 3}
      propertyPath: m_LocalRotation.w
      value: 0
      objectReference: {fileID: 0}
    - target: {fileID: 7566820233081924178, guid: aa9f6912d98132c469b27d8297a436c0, type: 3}
      propertyPath: m_LocalRotation.x
      value: -0
      objectReference: {fileID: 0}
    - target: {fileID: 7566820233081924178, guid: aa9f6912d98132c469b27d8297a436c0, type: 3}
      propertyPath: m_LocalRotation.y
      value: 0.7071067
      objectReference: {fileID: 0}
    - target: {fileID: 7566820233081924178, guid: aa9f6912d98132c469b27d8297a436c0, type: 3}
      propertyPath: m_LocalRotation.z
      value: 0.7071068
      objectReference: {fileID: 0}
    - target: {fileID: 7566820233081924178, guid: aa9f6912d98132c469b27d8297a436c0, type: 3}
      propertyPath: m_LocalEulerAnglesHint.x
      value: 0
      objectReference: {fileID: 0}
    - target: {fileID: 7566820233081924178, guid: aa9f6912d98132c469b27d8297a436c0, type: 3}
      propertyPath: m_LocalEulerAnglesHint.y
      value: 0
      objectReference: {fileID: 0}
    - target: {fileID: 7566820233081924178, guid: aa9f6912d98132c469b27d8297a436c0, type: 3}
      propertyPath: m_LocalEulerAnglesHint.z
      value: 0
      objectReference: {fileID: 0}
    - target: {fileID: 8755842998251971357, guid: aa9f6912d98132c469b27d8297a436c0, type: 3}
      propertyPath: m_Name
      value: Box
      objectReference: {fileID: 0}
    m_RemovedComponents: []
  m_SourcePrefab: {fileID: 100100000, guid: aa9f6912d98132c469b27d8297a436c0, type: 3}
--- !u!1 &674701340
GameObject:
  m_ObjectHideFlags: 0
  m_CorrespondingSourceObject: {fileID: 0}
  m_PrefabInstance: {fileID: 0}
  m_PrefabAsset: {fileID: 0}
  serializedVersion: 6
  m_Component:
  - component: {fileID: 674701343}
  - component: {fileID: 674701342}
  - component: {fileID: 674701341}
  m_Layer: 0
  m_Name: EventSystem
  m_TagString: Untagged
  m_Icon: {fileID: 0}
  m_NavMeshLayer: 0
  m_StaticEditorFlags: 0
  m_IsActive: 1
--- !u!114 &674701341
MonoBehaviour:
  m_ObjectHideFlags: 0
  m_CorrespondingSourceObject: {fileID: 0}
  m_PrefabInstance: {fileID: 0}
  m_PrefabAsset: {fileID: 0}
  m_GameObject: {fileID: 674701340}
  m_Enabled: 1
  m_EditorHideFlags: 0
  m_Script: {fileID: 11500000, guid: 4f231c4fb786f3946a6b90b886c48677, type: 3}
  m_Name: 
  m_EditorClassIdentifier: 
  m_HorizontalAxis: Horizontal
  m_VerticalAxis: Vertical
  m_SubmitButton: Submit
  m_CancelButton: Cancel
  m_InputActionsPerSecond: 10
  m_RepeatDelay: 0.5
  m_ForceModuleActive: 0
--- !u!114 &674701342
MonoBehaviour:
  m_ObjectHideFlags: 0
  m_CorrespondingSourceObject: {fileID: 0}
  m_PrefabInstance: {fileID: 0}
  m_PrefabAsset: {fileID: 0}
  m_GameObject: {fileID: 674701340}
  m_Enabled: 1
  m_EditorHideFlags: 0
  m_Script: {fileID: 11500000, guid: 76c392e42b5098c458856cdf6ecaaaa1, type: 3}
  m_Name: 
  m_EditorClassIdentifier: 
  m_FirstSelected: {fileID: 0}
  m_sendNavigationEvents: 1
  m_DragThreshold: 10
--- !u!4 &674701343
Transform:
  m_ObjectHideFlags: 0
  m_CorrespondingSourceObject: {fileID: 0}
  m_PrefabInstance: {fileID: 0}
  m_PrefabAsset: {fileID: 0}
  m_GameObject: {fileID: 674701340}
  m_LocalRotation: {x: 0, y: 0, z: 0, w: 1}
  m_LocalPosition: {x: 0, y: 0, z: 0}
  m_LocalScale: {x: 1, y: 1, z: 1}
  m_Children: []
  m_Father: {fileID: 0}
  m_RootOrder: 11
  m_LocalEulerAnglesHint: {x: 0, y: 0, z: 0}
--- !u!1 &679828372
GameObject:
  m_ObjectHideFlags: 0
  m_CorrespondingSourceObject: {fileID: 0}
  m_PrefabInstance: {fileID: 0}
  m_PrefabAsset: {fileID: 0}
  serializedVersion: 6
  m_Component:
  - component: {fileID: 679828374}
  - component: {fileID: 679828373}
  m_Layer: 0
  m_Name: Directional Light
  m_TagString: Untagged
  m_Icon: {fileID: 0}
  m_NavMeshLayer: 0
  m_StaticEditorFlags: 0
  m_IsActive: 1
--- !u!108 &679828373
Light:
  m_ObjectHideFlags: 0
  m_CorrespondingSourceObject: {fileID: 0}
  m_PrefabInstance: {fileID: 0}
  m_PrefabAsset: {fileID: 0}
  m_GameObject: {fileID: 679828372}
  m_Enabled: 1
  serializedVersion: 10
  m_Type: 1
  m_Shape: 0
  m_Color: {r: 1, g: 1, b: 1, a: 1}
  m_Intensity: 1
  m_Range: 10
  m_SpotAngle: 30
  m_InnerSpotAngle: 21.80208
  m_CookieSize: 10
  m_Shadows:
    m_Type: 2
    m_Resolution: -1
    m_CustomResolution: -1
    m_Strength: 0.763
    m_Bias: 0.05
    m_NormalBias: 0.4
    m_NearPlane: 0.2
    m_CullingMatrixOverride:
      e00: 1
      e01: 0
      e02: 0
      e03: 0
      e10: 0
      e11: 1
      e12: 0
      e13: 0
      e20: 0
      e21: 0
      e22: 1
      e23: 0
      e30: 0
      e31: 0
      e32: 0
      e33: 1
    m_UseCullingMatrixOverride: 0
  m_Cookie: {fileID: 0}
  m_DrawHalo: 0
  m_Flare: {fileID: 0}
  m_RenderMode: 0
  m_CullingMask:
    serializedVersion: 2
    m_Bits: 4294967295
  m_RenderingLayerMask: 1
  m_Lightmapping: 4
  m_LightShadowCasterMode: 0
  m_AreaSize: {x: 1, y: 1}
  m_BounceIntensity: 1
  m_ColorTemperature: 6570
  m_UseColorTemperature: 0
  m_BoundingSphereOverride: {x: 0, y: 0, z: 0, w: 0}
  m_UseBoundingSphereOverride: 0
  m_UseViewFrustumForShadowCasterCull: 1
  m_ShadowRadius: 0
  m_ShadowAngle: 0
--- !u!4 &679828374
Transform:
  m_ObjectHideFlags: 0
  m_CorrespondingSourceObject: {fileID: 0}
  m_PrefabInstance: {fileID: 0}
  m_PrefabAsset: {fileID: 0}
  m_GameObject: {fileID: 679828372}
  m_LocalRotation: {x: 0.47172174, y: -0.035892196, z: 0.023988897, w: 0.88069}
  m_LocalPosition: {x: -0.29, y: 9.89, z: -19.63}
  m_LocalScale: {x: 1, y: 1, z: 1}
  m_Children: []
  m_Father: {fileID: 0}
  m_RootOrder: 14
  m_LocalEulerAnglesHint: {x: 56.367, y: -4.202, z: 0.868}
--- !u!1001 &682316495
PrefabInstance:
  m_ObjectHideFlags: 0
  serializedVersion: 2
  m_Modification:
    m_TransformParent: {fileID: 0}
    m_Modifications:
    - target: {fileID: 866194189760265346, guid: d319ca8091157ef4da5e91a53ae99f0e, type: 3}
      propertyPath: m_Name
      value: City1
      objectReference: {fileID: 0}
    - target: {fileID: 866194189760265347, guid: d319ca8091157ef4da5e91a53ae99f0e, type: 3}
      propertyPath: m_RootOrder
      value: 5
      objectReference: {fileID: 0}
    - target: {fileID: 866194189760265347, guid: d319ca8091157ef4da5e91a53ae99f0e, type: 3}
      propertyPath: m_LocalPosition.x
      value: 6.52
      objectReference: {fileID: 0}
    - target: {fileID: 866194189760265347, guid: d319ca8091157ef4da5e91a53ae99f0e, type: 3}
      propertyPath: m_LocalPosition.y
      value: 0.003
      objectReference: {fileID: 0}
    - target: {fileID: 866194189760265347, guid: d319ca8091157ef4da5e91a53ae99f0e, type: 3}
      propertyPath: m_LocalPosition.z
      value: 8.34
      objectReference: {fileID: 0}
    - target: {fileID: 866194189760265347, guid: d319ca8091157ef4da5e91a53ae99f0e, type: 3}
      propertyPath: m_LocalRotation.w
      value: 1
      objectReference: {fileID: 0}
    - target: {fileID: 866194189760265347, guid: d319ca8091157ef4da5e91a53ae99f0e, type: 3}
      propertyPath: m_LocalRotation.x
      value: 0
      objectReference: {fileID: 0}
    - target: {fileID: 866194189760265347, guid: d319ca8091157ef4da5e91a53ae99f0e, type: 3}
      propertyPath: m_LocalRotation.y
      value: 0
      objectReference: {fileID: 0}
    - target: {fileID: 866194189760265347, guid: d319ca8091157ef4da5e91a53ae99f0e, type: 3}
      propertyPath: m_LocalRotation.z
      value: 0
      objectReference: {fileID: 0}
    - target: {fileID: 866194189760265347, guid: d319ca8091157ef4da5e91a53ae99f0e, type: 3}
      propertyPath: m_LocalEulerAnglesHint.x
      value: 0
      objectReference: {fileID: 0}
    - target: {fileID: 866194189760265347, guid: d319ca8091157ef4da5e91a53ae99f0e, type: 3}
      propertyPath: m_LocalEulerAnglesHint.y
      value: 0
      objectReference: {fileID: 0}
    - target: {fileID: 866194189760265347, guid: d319ca8091157ef4da5e91a53ae99f0e, type: 3}
      propertyPath: m_LocalEulerAnglesHint.z
      value: 0
      objectReference: {fileID: 0}
    m_RemovedComponents: []
  m_SourcePrefab: {fileID: 100100000, guid: d319ca8091157ef4da5e91a53ae99f0e, type: 3}
--- !u!1 &752786066 stripped
GameObject:
  m_CorrespondingSourceObject: {fileID: 2933345445813123959, guid: 4bed886bc705e1b41a7af1a82c16b2b1, type: 3}
  m_PrefabInstance: {fileID: 1718805903}
  m_PrefabAsset: {fileID: 0}
--- !u!1001 &829436501
PrefabInstance:
  m_ObjectHideFlags: 0
  serializedVersion: 2
  m_Modification:
    m_TransformParent: {fileID: 0}
    m_Modifications:
    - target: {fileID: 7566820233081924178, guid: aa9f6912d98132c469b27d8297a436c0, type: 3}
      propertyPath: m_RootOrder
      value: 21
      objectReference: {fileID: 0}
    - target: {fileID: 7566820233081924178, guid: aa9f6912d98132c469b27d8297a436c0, type: 3}
      propertyPath: m_LocalPosition.x
      value: 4.52
      objectReference: {fileID: 0}
    - target: {fileID: 7566820233081924178, guid: aa9f6912d98132c469b27d8297a436c0, type: 3}
      propertyPath: m_LocalPosition.y
      value: -0.5
      objectReference: {fileID: 0}
    - target: {fileID: 7566820233081924178, guid: aa9f6912d98132c469b27d8297a436c0, type: 3}
      propertyPath: m_LocalPosition.z
      value: 22.75
      objectReference: {fileID: 0}
    - target: {fileID: 7566820233081924178, guid: aa9f6912d98132c469b27d8297a436c0, type: 3}
      propertyPath: m_LocalRotation.w
      value: 0
      objectReference: {fileID: 0}
    - target: {fileID: 7566820233081924178, guid: aa9f6912d98132c469b27d8297a436c0, type: 3}
      propertyPath: m_LocalRotation.x
      value: -0
      objectReference: {fileID: 0}
    - target: {fileID: 7566820233081924178, guid: aa9f6912d98132c469b27d8297a436c0, type: 3}
      propertyPath: m_LocalRotation.y
      value: 0.7071067
      objectReference: {fileID: 0}
    - target: {fileID: 7566820233081924178, guid: aa9f6912d98132c469b27d8297a436c0, type: 3}
      propertyPath: m_LocalRotation.z
      value: 0.7071068
      objectReference: {fileID: 0}
    - target: {fileID: 7566820233081924178, guid: aa9f6912d98132c469b27d8297a436c0, type: 3}
      propertyPath: m_LocalEulerAnglesHint.x
      value: 0
      objectReference: {fileID: 0}
    - target: {fileID: 7566820233081924178, guid: aa9f6912d98132c469b27d8297a436c0, type: 3}
      propertyPath: m_LocalEulerAnglesHint.y
      value: 0
      objectReference: {fileID: 0}
    - target: {fileID: 7566820233081924178, guid: aa9f6912d98132c469b27d8297a436c0, type: 3}
      propertyPath: m_LocalEulerAnglesHint.z
      value: 0
      objectReference: {fileID: 0}
    - target: {fileID: 8755842998251971357, guid: aa9f6912d98132c469b27d8297a436c0, type: 3}
      propertyPath: m_Name
      value: Box (5)
      objectReference: {fileID: 0}
    m_RemovedComponents: []
  m_SourcePrefab: {fileID: 100100000, guid: aa9f6912d98132c469b27d8297a436c0, type: 3}
--- !u!1 &889938089
GameObject:
  m_ObjectHideFlags: 0
  m_CorrespondingSourceObject: {fileID: 0}
  m_PrefabInstance: {fileID: 0}
  m_PrefabAsset: {fileID: 0}
  serializedVersion: 6
  m_Component:
  - component: {fileID: 889938090}
  m_Layer: 0
  m_Name: pointMovement (3)
  m_TagString: Untagged
  m_Icon: {fileID: 7174288486110832750, guid: 0000000000000000d000000000000000, type: 0}
  m_NavMeshLayer: 0
  m_StaticEditorFlags: 0
  m_IsActive: 1
--- !u!4 &889938090
Transform:
  m_ObjectHideFlags: 0
  m_CorrespondingSourceObject: {fileID: 0}
  m_PrefabInstance: {fileID: 0}
  m_PrefabAsset: {fileID: 0}
  m_GameObject: {fileID: 889938089}
  m_LocalRotation: {x: 0, y: 0, z: 0, w: 1}
  m_LocalPosition: {x: 6.57, y: 0.53, z: 16.42}
  m_LocalScale: {x: 1, y: 1, z: 1}
  m_Children: []
  m_Father: {fileID: 0}
  m_RootOrder: 31
  m_LocalEulerAnglesHint: {x: 0, y: 0, z: 0}
--- !u!1 &945875859 stripped
GameObject:
  m_CorrespondingSourceObject: {fileID: 2451693394870239215, guid: 91a2d7cdb8b910944a9c8ed5f03b85cf, type: 3}
  m_PrefabInstance: {fileID: 617255532}
  m_PrefabAsset: {fileID: 0}
--- !u!1 &982219480
GameObject:
  m_ObjectHideFlags: 0
  m_CorrespondingSourceObject: {fileID: 0}
  m_PrefabInstance: {fileID: 0}
  m_PrefabAsset: {fileID: 0}
  serializedVersion: 6
  m_Component:
  - component: {fileID: 982219481}
  m_Layer: 0
  m_Name: spawn (2)
  m_TagString: Untagged
  m_Icon: {fileID: 7174288486110832750, guid: 0000000000000000d000000000000000, type: 0}
  m_NavMeshLayer: 0
  m_StaticEditorFlags: 0
  m_IsActive: 1
--- !u!4 &982219481
Transform:
  m_ObjectHideFlags: 0
  m_CorrespondingSourceObject: {fileID: 0}
  m_PrefabInstance: {fileID: 0}
  m_PrefabAsset: {fileID: 0}
  m_GameObject: {fileID: 982219480}
  m_LocalRotation: {x: 0, y: 0, z: 0, w: 1}
  m_LocalPosition: {x: 6.27, y: -0.93, z: 12.34}
  m_LocalScale: {x: 1, y: 1, z: 1}
  m_Children: []
  m_Father: {fileID: 0}
  m_RootOrder: 30
  m_LocalEulerAnglesHint: {x: 0, y: 0, z: 0}
--- !u!1001 &1005843198
PrefabInstance:
  m_ObjectHideFlags: 0
  serializedVersion: 2
  m_Modification:
    m_TransformParent: {fileID: 0}
    m_Modifications:
    - target: {fileID: 7566820233081924178, guid: aa9f6912d98132c469b27d8297a436c0, type: 3}
      propertyPath: m_RootOrder
      value: 22
      objectReference: {fileID: 0}
    - target: {fileID: 7566820233081924178, guid: aa9f6912d98132c469b27d8297a436c0, type: 3}
      propertyPath: m_LocalPosition.x
      value: 8.39
      objectReference: {fileID: 0}
    - target: {fileID: 7566820233081924178, guid: aa9f6912d98132c469b27d8297a436c0, type: 3}
      propertyPath: m_LocalPosition.y
      value: -0.5
      objectReference: {fileID: 0}
    - target: {fileID: 7566820233081924178, guid: aa9f6912d98132c469b27d8297a436c0, type: 3}
      propertyPath: m_LocalPosition.z
      value: 22.75
      objectReference: {fileID: 0}
    - target: {fileID: 7566820233081924178, guid: aa9f6912d98132c469b27d8297a436c0, type: 3}
      propertyPath: m_LocalRotation.w
      value: 0.14242923
      objectReference: {fileID: 0}
    - target: {fileID: 7566820233081924178, guid: aa9f6912d98132c469b27d8297a436c0, type: 3}
      propertyPath: m_LocalRotation.x
      value: -0.1424292
      objectReference: {fileID: 0}
    - target: {fileID: 7566820233081924178, guid: aa9f6912d98132c469b27d8297a436c0, type: 3}
      propertyPath: m_LocalRotation.y
      value: 0.6926138
      objectReference: {fileID: 0}
    - target: {fileID: 7566820233081924178, guid: aa9f6912d98132c469b27d8297a436c0, type: 3}
      propertyPath: m_LocalRotation.z
      value: 0.6926139
      objectReference: {fileID: 0}
    - target: {fileID: 7566820233081924178, guid: aa9f6912d98132c469b27d8297a436c0, type: 3}
      propertyPath: m_LocalEulerAnglesHint.x
      value: -90
      objectReference: {fileID: 0}
    - target: {fileID: 7566820233081924178, guid: aa9f6912d98132c469b27d8297a436c0, type: 3}
      propertyPath: m_LocalEulerAnglesHint.y
      value: 0
      objectReference: {fileID: 0}
    - target: {fileID: 7566820233081924178, guid: aa9f6912d98132c469b27d8297a436c0, type: 3}
      propertyPath: m_LocalEulerAnglesHint.z
      value: 156.759
      objectReference: {fileID: 0}
    - target: {fileID: 8755842998251971357, guid: aa9f6912d98132c469b27d8297a436c0, type: 3}
      propertyPath: m_Name
      value: Box (6)
      objectReference: {fileID: 0}
    m_RemovedComponents: []
  m_SourcePrefab: {fileID: 100100000, guid: aa9f6912d98132c469b27d8297a436c0, type: 3}
--- !u!1 &1017104104
GameObject:
  m_ObjectHideFlags: 0
  m_CorrespondingSourceObject: {fileID: 0}
  m_PrefabInstance: {fileID: 0}
  m_PrefabAsset: {fileID: 0}
  serializedVersion: 6
  m_Component:
  - component: {fileID: 1017104105}
  m_Layer: 0
  m_Name: pointMovement
  m_TagString: Untagged
  m_Icon: {fileID: 7174288486110832750, guid: 0000000000000000d000000000000000, type: 0}
  m_NavMeshLayer: 0
  m_StaticEditorFlags: 0
  m_IsActive: 1
--- !u!4 &1017104105
Transform:
  m_ObjectHideFlags: 0
  m_CorrespondingSourceObject: {fileID: 0}
  m_PrefabInstance: {fileID: 0}
  m_PrefabAsset: {fileID: 0}
  m_GameObject: {fileID: 1017104104}
  m_LocalRotation: {x: 0, y: 0, z: 0, w: 1}
  m_LocalPosition: {x: -0.02, y: 0.53, z: -11.11}
  m_LocalScale: {x: 1, y: 1, z: 1}
  m_Children: []
  m_Father: {fileID: 0}
  m_RootOrder: 25
  m_LocalEulerAnglesHint: {x: 0, y: 0, z: 0}
--- !u!1001 &1189115465
PrefabInstance:
  m_ObjectHideFlags: 0
  serializedVersion: 2
  m_Modification:
    m_TransformParent: {fileID: 0}
    m_Modifications:
    - target: {fileID: 1236695072759092155, guid: 91a2d7cdb8b910944a9c8ed5f03b85cf, type: 3}
      propertyPath: m_RootOrder
      value: 16
      objectReference: {fileID: 0}
    - target: {fileID: 1236695072759092155, guid: 91a2d7cdb8b910944a9c8ed5f03b85cf, type: 3}
      propertyPath: m_LocalPosition.x
      value: 6.361
      objectReference: {fileID: 0}
    - target: {fileID: 1236695072759092155, guid: 91a2d7cdb8b910944a9c8ed5f03b85cf, type: 3}
      propertyPath: m_LocalPosition.y
      value: -0.9874706
      objectReference: {fileID: 0}
    - target: {fileID: 1236695072759092155, guid: 91a2d7cdb8b910944a9c8ed5f03b85cf, type: 3}
      propertyPath: m_LocalPosition.z
      value: 23.43
      objectReference: {fileID: 0}
    - target: {fileID: 1236695072759092155, guid: 91a2d7cdb8b910944a9c8ed5f03b85cf, type: 3}
      propertyPath: m_LocalRotation.w
      value: 1
      objectReference: {fileID: 0}
    - target: {fileID: 1236695072759092155, guid: 91a2d7cdb8b910944a9c8ed5f03b85cf, type: 3}
      propertyPath: m_LocalRotation.x
      value: 0
      objectReference: {fileID: 0}
    - target: {fileID: 1236695072759092155, guid: 91a2d7cdb8b910944a9c8ed5f03b85cf, type: 3}
      propertyPath: m_LocalRotation.y
      value: 0
      objectReference: {fileID: 0}
    - target: {fileID: 1236695072759092155, guid: 91a2d7cdb8b910944a9c8ed5f03b85cf, type: 3}
      propertyPath: m_LocalRotation.z
      value: 0
      objectReference: {fileID: 0}
    - target: {fileID: 1236695072759092155, guid: 91a2d7cdb8b910944a9c8ed5f03b85cf, type: 3}
      propertyPath: m_LocalEulerAnglesHint.x
      value: 0
      objectReference: {fileID: 0}
    - target: {fileID: 1236695072759092155, guid: 91a2d7cdb8b910944a9c8ed5f03b85cf, type: 3}
      propertyPath: m_LocalEulerAnglesHint.y
      value: 0
      objectReference: {fileID: 0}
    - target: {fileID: 1236695072759092155, guid: 91a2d7cdb8b910944a9c8ed5f03b85cf, type: 3}
      propertyPath: m_LocalEulerAnglesHint.z
      value: 0
      objectReference: {fileID: 0}
    - target: {fileID: 2451693394870239215, guid: 91a2d7cdb8b910944a9c8ed5f03b85cf, type: 3}
      propertyPath: m_Name
      value: Door (2)
      objectReference: {fileID: 0}
    - target: {fileID: 4909292657349960156, guid: 91a2d7cdb8b910944a9c8ed5f03b85cf, type: 3}
      propertyPath: m_Mesh
      value: 
      objectReference: {fileID: -6657180443270484345, guid: 2c3ab65717db37141ab798157cb4ba1f, type: 3}
    - target: {fileID: 7576560145894310890, guid: 91a2d7cdb8b910944a9c8ed5f03b85cf, type: 3}
      propertyPath: m_Mesh
      value: 
      objectReference: {fileID: -6657180443270484345, guid: 2c3ab65717db37141ab798157cb4ba1f, type: 3}
    m_RemovedComponents: []
  m_SourcePrefab: {fileID: 100100000, guid: 91a2d7cdb8b910944a9c8ed5f03b85cf, type: 3}
--- !u!1 &1239524095
GameObject:
  m_ObjectHideFlags: 0
  m_CorrespondingSourceObject: {fileID: 0}
  m_PrefabInstance: {fileID: 0}
  m_PrefabAsset: {fileID: 0}
  serializedVersion: 6
  m_Component:
  - component: {fileID: 1239524096}
  m_Layer: 0
  m_Name: spawn (3)
  m_TagString: Untagged
  m_Icon: {fileID: 7174288486110832750, guid: 0000000000000000d000000000000000, type: 0}
  m_NavMeshLayer: 0
  m_StaticEditorFlags: 0
  m_IsActive: 1
--- !u!4 &1239524096
Transform:
  m_ObjectHideFlags: 0
  m_CorrespondingSourceObject: {fileID: 0}
  m_PrefabInstance: {fileID: 0}
  m_PrefabAsset: {fileID: 0}
  m_GameObject: {fileID: 1239524095}
  m_LocalRotation: {x: 0, y: 0, z: 0, w: 1}
  m_LocalPosition: {x: 4.54, y: -0.93, z: 21.84}
  m_LocalScale: {x: 1, y: 1, z: 1}
  m_Children: []
  m_Father: {fileID: 0}
  m_RootOrder: 32
  m_LocalEulerAnglesHint: {x: 0, y: 0, z: 0}
--- !u!1 &1285671782
GameObject:
  m_ObjectHideFlags: 0
  m_CorrespondingSourceObject: {fileID: 0}
  m_PrefabInstance: {fileID: 0}
  m_PrefabAsset: {fileID: 0}
  serializedVersion: 6
  m_Component:
  - component: {fileID: 1285671784}
  - component: {fileID: 1285671783}
  m_Layer: 0
  m_Name: Trail
  m_TagString: Untagged
  m_Icon: {fileID: 0}
  m_NavMeshLayer: 0
  m_StaticEditorFlags: 0
  m_IsActive: 1
--- !u!96 &1285671783
TrailRenderer:
  serializedVersion: 2
  m_ObjectHideFlags: 0
  m_CorrespondingSourceObject: {fileID: 0}
  m_PrefabInstance: {fileID: 0}
  m_PrefabAsset: {fileID: 0}
  m_GameObject: {fileID: 1285671782}
  m_Enabled: 1
  m_CastShadows: 1
  m_ReceiveShadows: 1
  m_DynamicOccludee: 1
  m_MotionVectors: 0
  m_LightProbeUsage: 0
  m_ReflectionProbeUsage: 0
  m_RayTracingMode: 0
  m_RayTraceProcedural: 0
  m_RenderingLayerMask: 1
  m_RendererPriority: 0
  m_Materials:
  - {fileID: 10306, guid: 0000000000000000f000000000000000, type: 0}
  m_StaticBatchInfo:
    firstSubMesh: 0
    subMeshCount: 0
  m_StaticBatchRoot: {fileID: 0}
  m_ProbeAnchor: {fileID: 0}
  m_LightProbeVolumeOverride: {fileID: 0}
  m_ScaleInLightmap: 1
  m_ReceiveGI: 1
  m_PreserveUVs: 0
  m_IgnoreNormalsForChartDetection: 0
  m_ImportantGI: 0
  m_StitchLightmapSeams: 1
  m_SelectedEditorRenderState: 3
  m_MinimumChartSize: 4
  m_AutoUVMaxDistance: 0.5
  m_AutoUVMaxAngle: 89
  m_LightmapParameters: {fileID: 0}
  m_SortingLayerID: 0
  m_SortingLayer: 0
  m_SortingOrder: 0
  m_Time: 0.5
  m_Parameters:
    serializedVersion: 3
    widthMultiplier: 1
    widthCurve:
      serializedVersion: 2
      m_Curve:
      - serializedVersion: 3
        time: 0
        value: 0.10112381
        inSlope: 0
        outSlope: 0
        tangentMode: 0
        weightedMode: 0
        inWeight: 0.33333334
        outWeight: 0.33333334
      m_PreInfinity: 2
      m_PostInfinity: 2
      m_RotationOrder: 4
    colorGradient:
      serializedVersion: 2
      key0: {r: 0.990566, g: 0.8192367, b: 0.1541919, a: 1}
      key1: {r: 0.38679248, g: 0.060906827, b: 0.012771457, a: 1}
      key2: {r: 0, g: 0, b: 0, a: 0}
      key3: {r: 0, g: 0, b: 0, a: 0}
      key4: {r: 0, g: 0, b: 0, a: 0}
      key5: {r: 0, g: 0, b: 0, a: 0}
      key6: {r: 0, g: 0, b: 0, a: 0}
      key7: {r: 0, g: 0, b: 0, a: 0}
      ctime0: 0
      ctime1: 4048
      ctime2: 10987
      ctime3: 0
      ctime4: 0
      ctime5: 0
      ctime6: 0
      ctime7: 0
      atime0: 0
      atime1: 65535
      atime2: 0
      atime3: 0
      atime4: 0
      atime5: 0
      atime6: 0
      atime7: 0
      m_Mode: 0
      m_NumColorKeys: 3
      m_NumAlphaKeys: 2
    numCornerVertices: 0
    numCapVertices: 0
    alignment: 0
    textureMode: 0
    shadowBias: 0.5
    generateLightingData: 0
  m_MinVertexDistance: 0.1
  m_Autodestruct: 0
  m_Emitting: 1
--- !u!4 &1285671784
Transform:
  m_ObjectHideFlags: 0
  m_CorrespondingSourceObject: {fileID: 0}
  m_PrefabInstance: {fileID: 0}
  m_PrefabAsset: {fileID: 0}
  m_GameObject: {fileID: 1285671782}
  m_LocalRotation: {x: 0, y: 0, z: 0, w: 1}
  m_LocalPosition: {x: -1.56, y: 1.02, z: 3.41}
  m_LocalScale: {x: 1, y: 1, z: 1}
  m_Children: []
  m_Father: {fileID: 0}
  m_RootOrder: 12
  m_LocalEulerAnglesHint: {x: 0, y: 0, z: 0}
--- !u!1001 &1299697452
PrefabInstance:
  m_ObjectHideFlags: 0
  serializedVersion: 2
  m_Modification:
    m_TransformParent: {fileID: 0}
    m_Modifications:
    - target: {fileID: 2043566783605835414, guid: 43395e47110169542a80da8773e330bc, type: 3}
      propertyPath: m_RootOrder
      value: 2
      objectReference: {fileID: 0}
    - target: {fileID: 2043566783605835414, guid: 43395e47110169542a80da8773e330bc, type: 3}
      propertyPath: m_LocalPosition.x
      value: 7.5
      objectReference: {fileID: 0}
    - target: {fileID: 2043566783605835414, guid: 43395e47110169542a80da8773e330bc, type: 3}
      propertyPath: m_LocalPosition.y
      value: -0.501
      objectReference: {fileID: 0}
    - target: {fileID: 2043566783605835414, guid: 43395e47110169542a80da8773e330bc, type: 3}
      propertyPath: m_LocalPosition.z
      value: 1.58
      objectReference: {fileID: 0}
    - target: {fileID: 2043566783605835414, guid: 43395e47110169542a80da8773e330bc, type: 3}
      propertyPath: m_LocalRotation.w
      value: 0.6651581
      objectReference: {fileID: 0}
    - target: {fileID: 2043566783605835414, guid: 43395e47110169542a80da8773e330bc, type: 3}
      propertyPath: m_LocalRotation.x
      value: -0.66492605
      objectReference: {fileID: 0}
    - target: {fileID: 2043566783605835414, guid: 43395e47110169542a80da8773e330bc, type: 3}
      propertyPath: m_LocalRotation.y
      value: 0.24020603
      objectReference: {fileID: 0}
    - target: {fileID: 2043566783605835414, guid: 43395e47110169542a80da8773e330bc, type: 3}
      propertyPath: m_LocalRotation.z
      value: 0.24028991
      objectReference: {fileID: 0}
    - target: {fileID: 2043566783605835414, guid: 43395e47110169542a80da8773e330bc, type: 3}
      propertyPath: m_LocalEulerAnglesHint.x
      value: -90
      objectReference: {fileID: 0}
    - target: {fileID: 2043566783605835414, guid: 43395e47110169542a80da8773e330bc, type: 3}
      propertyPath: m_LocalEulerAnglesHint.y
      value: 0
      objectReference: {fileID: 0}
    - target: {fileID: 2043566783605835414, guid: 43395e47110169542a80da8773e330bc, type: 3}
      propertyPath: m_LocalEulerAnglesHint.z
      value: 39.725
      objectReference: {fileID: 0}
    - target: {fileID: 4033168694514103668, guid: 43395e47110169542a80da8773e330bc, type: 3}
      propertyPath: m_Name
      value: Barrel
      objectReference: {fileID: 0}
    m_RemovedComponents: []
  m_SourcePrefab: {fileID: 100100000, guid: 43395e47110169542a80da8773e330bc, type: 3}
--- !u!1 &1578985968 stripped
GameObject:
  m_CorrespondingSourceObject: {fileID: 2451693394870239215, guid: 91a2d7cdb8b910944a9c8ed5f03b85cf, type: 3}
  m_PrefabInstance: {fileID: 2024764246}
  m_PrefabAsset: {fileID: 0}
--- !u!1001 &1645232927
PrefabInstance:
  m_ObjectHideFlags: 0
  serializedVersion: 2
  m_Modification:
    m_TransformParent: {fileID: 0}
    m_Modifications:
    - target: {fileID: 7566820233081924178, guid: aa9f6912d98132c469b27d8297a436c0, type: 3}
      propertyPath: m_RootOrder
      value: 20
      objectReference: {fileID: 0}
    - target: {fileID: 7566820233081924178, guid: aa9f6912d98132c469b27d8297a436c0, type: 3}
      propertyPath: m_LocalPosition.x
      value: 8.63
      objectReference: {fileID: 0}
    - target: {fileID: 7566820233081924178, guid: aa9f6912d98132c469b27d8297a436c0, type: 3}
      propertyPath: m_LocalPosition.y
      value: -0.5
      objectReference: {fileID: 0}
    - target: {fileID: 7566820233081924178, guid: aa9f6912d98132c469b27d8297a436c0, type: 3}
      propertyPath: m_LocalPosition.z
      value: 12.46
      objectReference: {fileID: 0}
    - target: {fileID: 7566820233081924178, guid: aa9f6912d98132c469b27d8297a436c0, type: 3}
      propertyPath: m_LocalRotation.w
      value: 0
      objectReference: {fileID: 0}
    - target: {fileID: 7566820233081924178, guid: aa9f6912d98132c469b27d8297a436c0, type: 3}
      propertyPath: m_LocalRotation.x
      value: -0
      objectReference: {fileID: 0}
    - target: {fileID: 7566820233081924178, guid: aa9f6912d98132c469b27d8297a436c0, type: 3}
      propertyPath: m_LocalRotation.y
      value: 0.7071067
      objectReference: {fileID: 0}
    - target: {fileID: 7566820233081924178, guid: aa9f6912d98132c469b27d8297a436c0, type: 3}
      propertyPath: m_LocalRotation.z
      value: 0.7071068
      objectReference: {fileID: 0}
    - target: {fileID: 7566820233081924178, guid: aa9f6912d98132c469b27d8297a436c0, type: 3}
      propertyPath: m_LocalEulerAnglesHint.x
      value: 0
      objectReference: {fileID: 0}
    - target: {fileID: 7566820233081924178, guid: aa9f6912d98132c469b27d8297a436c0, type: 3}
      propertyPath: m_LocalEulerAnglesHint.y
      value: 0
      objectReference: {fileID: 0}
    - target: {fileID: 7566820233081924178, guid: aa9f6912d98132c469b27d8297a436c0, type: 3}
      propertyPath: m_LocalEulerAnglesHint.z
      value: 0
      objectReference: {fileID: 0}
    - target: {fileID: 7857628727174615122, guid: aa9f6912d98132c469b27d8297a436c0, type: 3}
      propertyPath: money.x
      value: 0
      objectReference: {fileID: 0}
    - target: {fileID: 7857628727174615122, guid: aa9f6912d98132c469b27d8297a436c0, type: 3}
      propertyPath: money.y
      value: 0
      objectReference: {fileID: 0}
    - target: {fileID: 8755842998251971357, guid: aa9f6912d98132c469b27d8297a436c0, type: 3}
      propertyPath: m_Name
      value: Box (4)
      objectReference: {fileID: 0}
    m_RemovedComponents: []
  m_SourcePrefab: {fileID: 100100000, guid: aa9f6912d98132c469b27d8297a436c0, type: 3}
--- !u!1001 &1718805903
PrefabInstance:
  m_ObjectHideFlags: 0
  serializedVersion: 2
  m_Modification:
    m_TransformParent: {fileID: 0}
    m_Modifications:
    - target: {fileID: 2933345445813123959, guid: 4bed886bc705e1b41a7af1a82c16b2b1, type: 3}
      propertyPath: m_Name
      value: BeholderPBRMaskTint
      objectReference: {fileID: 0}
    - target: {fileID: 2933345445813123959, guid: 4bed886bc705e1b41a7af1a82c16b2b1, type: 3}
      propertyPath: m_IsActive
      value: 0
      objectReference: {fileID: 0}
    - target: {fileID: 2933345445813217111, guid: 4bed886bc705e1b41a7af1a82c16b2b1, type: 3}
      propertyPath: m_RootOrder
      value: 1
      objectReference: {fileID: 0}
    - target: {fileID: 2933345445813217111, guid: 4bed886bc705e1b41a7af1a82c16b2b1, type: 3}
      propertyPath: m_LocalPosition.x
      value: 6.449118
      objectReference: {fileID: 0}
    - target: {fileID: 2933345445813217111, guid: 4bed886bc705e1b41a7af1a82c16b2b1, type: 3}
      propertyPath: m_LocalPosition.y
      value: -0.9974766
      objectReference: {fileID: 0}
    - target: {fileID: 2933345445813217111, guid: 4bed886bc705e1b41a7af1a82c16b2b1, type: 3}
      propertyPath: m_LocalPosition.z
      value: 22.48679
      objectReference: {fileID: 0}
    - target: {fileID: 2933345445813217111, guid: 4bed886bc705e1b41a7af1a82c16b2b1, type: 3}
      propertyPath: m_LocalRotation.w
      value: 1
      objectReference: {fileID: 0}
    - target: {fileID: 2933345445813217111, guid: 4bed886bc705e1b41a7af1a82c16b2b1, type: 3}
      propertyPath: m_LocalRotation.x
      value: 0
      objectReference: {fileID: 0}
    - target: {fileID: 2933345445813217111, guid: 4bed886bc705e1b41a7af1a82c16b2b1, type: 3}
      propertyPath: m_LocalRotation.y
      value: 0
      objectReference: {fileID: 0}
    - target: {fileID: 2933345445813217111, guid: 4bed886bc705e1b41a7af1a82c16b2b1, type: 3}
      propertyPath: m_LocalRotation.z
      value: 0
      objectReference: {fileID: 0}
    - target: {fileID: 2933345445813217111, guid: 4bed886bc705e1b41a7af1a82c16b2b1, type: 3}
      propertyPath: m_LocalEulerAnglesHint.x
      value: 0
      objectReference: {fileID: 0}
    - target: {fileID: 2933345445813217111, guid: 4bed886bc705e1b41a7af1a82c16b2b1, type: 3}
      propertyPath: m_LocalEulerAnglesHint.y
      value: 0
      objectReference: {fileID: 0}
    - target: {fileID: 2933345445813217111, guid: 4bed886bc705e1b41a7af1a82c16b2b1, type: 3}
      propertyPath: m_LocalEulerAnglesHint.z
      value: 0
      objectReference: {fileID: 0}
    m_RemovedComponents: []
  m_SourcePrefab: {fileID: 100100000, guid: 4bed886bc705e1b41a7af1a82c16b2b1, type: 3}
--- !u!1001 &1864614102
PrefabInstance:
  m_ObjectHideFlags: 0
  serializedVersion: 2
  m_Modification:
    m_TransformParent: {fileID: 0}
    m_Modifications:
    - target: {fileID: 2043566783605835414, guid: 43395e47110169542a80da8773e330bc, type: 3}
      propertyPath: m_RootOrder
      value: 24
      objectReference: {fileID: 0}
    - target: {fileID: 2043566783605835414, guid: 43395e47110169542a80da8773e330bc, type: 3}
      propertyPath: m_LocalPosition.x
      value: -0.33
      objectReference: {fileID: 0}
    - target: {fileID: 2043566783605835414, guid: 43395e47110169542a80da8773e330bc, type: 3}
      propertyPath: m_LocalPosition.y
      value: -0.5
      objectReference: {fileID: 0}
    - target: {fileID: 2043566783605835414, guid: 43395e47110169542a80da8773e330bc, type: 3}
      propertyPath: m_LocalPosition.z
      value: -5.07
      objectReference: {fileID: 0}
    - target: {fileID: 2043566783605835414, guid: 43395e47110169542a80da8773e330bc, type: 3}
      propertyPath: m_LocalRotation.w
      value: 0.7037262
      objectReference: {fileID: 0}
    - target: {fileID: 2043566783605835414, guid: 43395e47110169542a80da8773e330bc, type: 3}
      propertyPath: m_LocalRotation.x
      value: -0.7034806
      objectReference: {fileID: 0}
    - target: {fileID: 2043566783605835414, guid: 43395e47110169542a80da8773e330bc, type: 3}
      propertyPath: m_LocalRotation.y
      value: -0.070289366
      objectReference: {fileID: 0}
    - target: {fileID: 2043566783605835414, guid: 43395e47110169542a80da8773e330bc, type: 3}
      propertyPath: m_LocalRotation.z
      value: -0.07031377
      objectReference: {fileID: 0}
    - target: {fileID: 2043566783605835414, guid: 43395e47110169542a80da8773e330bc, type: 3}
      propertyPath: m_LocalEulerAnglesHint.x
      value: -90
      objectReference: {fileID: 0}
    - target: {fileID: 2043566783605835414, guid: 43395e47110169542a80da8773e330bc, type: 3}
      propertyPath: m_LocalEulerAnglesHint.y
      value: 0
      objectReference: {fileID: 0}
    - target: {fileID: 2043566783605835414, guid: 43395e47110169542a80da8773e330bc, type: 3}
      propertyPath: m_LocalEulerAnglesHint.z
      value: -11.412
      objectReference: {fileID: 0}
    - target: {fileID: 4033168694514103668, guid: 43395e47110169542a80da8773e330bc, type: 3}
      propertyPath: m_Name
      value: Barrel (1)
      objectReference: {fileID: 0}
    m_RemovedComponents: []
  m_SourcePrefab: {fileID: 100100000, guid: 43395e47110169542a80da8773e330bc, type: 3}
--- !u!1 &1941943411
GameObject:
  m_ObjectHideFlags: 0
  m_CorrespondingSourceObject: {fileID: 0}
  m_PrefabInstance: {fileID: 0}
  m_PrefabAsset: {fileID: 0}
  serializedVersion: 6
  m_Component:
  - component: {fileID: 1941943412}
  m_Layer: 0
  m_Name: spawn (4)
  m_TagString: Untagged
  m_Icon: {fileID: 7174288486110832750, guid: 0000000000000000d000000000000000, type: 0}
  m_NavMeshLayer: 0
  m_StaticEditorFlags: 0
  m_IsActive: 1
--- !u!4 &1941943412
Transform:
  m_ObjectHideFlags: 0
  m_CorrespondingSourceObject: {fileID: 0}
  m_PrefabInstance: {fileID: 0}
  m_PrefabAsset: {fileID: 0}
  m_GameObject: {fileID: 1941943411}
  m_LocalRotation: {x: 0, y: 0, z: 0, w: 1}
  m_LocalPosition: {x: 8.15, y: -0.93, z: 21.84}
  m_LocalScale: {x: 1, y: 1, z: 1}
  m_Children: []
  m_Father: {fileID: 0}
  m_RootOrder: 33
  m_LocalEulerAnglesHint: {x: 0, y: 0, z: 0}
--- !u!1 &1950848208
GameObject:
  m_ObjectHideFlags: 0
  m_CorrespondingSourceObject: {fileID: 0}
  m_PrefabInstance: {fileID: 0}
  m_PrefabAsset: {fileID: 0}
  serializedVersion: 6
  m_Component:
  - component: {fileID: 1950848209}
  m_Layer: 0
  m_Name: spawn (1)
  m_TagString: Untagged
  m_Icon: {fileID: 7174288486110832750, guid: 0000000000000000d000000000000000, type: 0}
  m_NavMeshLayer: 0
  m_StaticEditorFlags: 0
  m_IsActive: 1
--- !u!4 &1950848209
Transform:
  m_ObjectHideFlags: 0
  m_CorrespondingSourceObject: {fileID: 0}
  m_PrefabInstance: {fileID: 0}
  m_PrefabAsset: {fileID: 0}
  m_GameObject: {fileID: 1950848208}
  m_LocalRotation: {x: 0, y: 0, z: 0, w: 1}
  m_LocalPosition: {x: 6.27, y: -0.93, z: 1.83}
  m_LocalScale: {x: 1, y: 1, z: 1}
  m_Children: []
  m_Father: {fileID: 0}
  m_RootOrder: 28
  m_LocalEulerAnglesHint: {x: 0, y: 0, z: 0}
--- !u!224 &1956736181 stripped
RectTransform:
  m_CorrespondingSourceObject: {fileID: 3475561803724161354, guid: 82e70ace9eef3b94ea58c487e13b9a6f, type: 3}
  m_PrefabInstance: {fileID: 3475561802975440383}
  m_PrefabAsset: {fileID: 0}
--- !u!1001 &2024764246
PrefabInstance:
  m_ObjectHideFlags: 0
  serializedVersion: 2
  m_Modification:
    m_TransformParent: {fileID: 0}
    m_Modifications:
    - target: {fileID: 1236695072759092155, guid: 91a2d7cdb8b910944a9c8ed5f03b85cf, type: 3}
      propertyPath: m_RootOrder
      value: 15
      objectReference: {fileID: 0}
    - target: {fileID: 1236695072759092155, guid: 91a2d7cdb8b910944a9c8ed5f03b85cf, type: 3}
      propertyPath: m_LocalPosition.x
      value: 6.49
      objectReference: {fileID: 0}
    - target: {fileID: 1236695072759092155, guid: 91a2d7cdb8b910944a9c8ed5f03b85cf, type: 3}
      propertyPath: m_LocalPosition.y
      value: -0.9874706
      objectReference: {fileID: 0}
    - target: {fileID: 1236695072759092155, guid: 91a2d7cdb8b910944a9c8ed5f03b85cf, type: 3}
      propertyPath: m_LocalPosition.z
      value: 13.31
      objectReference: {fileID: 0}
    - target: {fileID: 1236695072759092155, guid: 91a2d7cdb8b910944a9c8ed5f03b85cf, type: 3}
      propertyPath: m_LocalRotation.w
      value: 1
      objectReference: {fileID: 0}
    - target: {fileID: 1236695072759092155, guid: 91a2d7cdb8b910944a9c8ed5f03b85cf, type: 3}
      propertyPath: m_LocalRotation.x
      value: 0
      objectReference: {fileID: 0}
    - target: {fileID: 1236695072759092155, guid: 91a2d7cdb8b910944a9c8ed5f03b85cf, type: 3}
      propertyPath: m_LocalRotation.y
      value: 0
      objectReference: {fileID: 0}
    - target: {fileID: 1236695072759092155, guid: 91a2d7cdb8b910944a9c8ed5f03b85cf, type: 3}
      propertyPath: m_LocalRotation.z
      value: 0
      objectReference: {fileID: 0}
    - target: {fileID: 1236695072759092155, guid: 91a2d7cdb8b910944a9c8ed5f03b85cf, type: 3}
      propertyPath: m_LocalEulerAnglesHint.x
      value: 0
      objectReference: {fileID: 0}
    - target: {fileID: 1236695072759092155, guid: 91a2d7cdb8b910944a9c8ed5f03b85cf, type: 3}
      propertyPath: m_LocalEulerAnglesHint.y
      value: 0
      objectReference: {fileID: 0}
    - target: {fileID: 1236695072759092155, guid: 91a2d7cdb8b910944a9c8ed5f03b85cf, type: 3}
      propertyPath: m_LocalEulerAnglesHint.z
      value: 0
      objectReference: {fileID: 0}
    - target: {fileID: 2451693394870239215, guid: 91a2d7cdb8b910944a9c8ed5f03b85cf, type: 3}
      propertyPath: m_Name
      value: Door (1)
      objectReference: {fileID: 0}
    - target: {fileID: 4909292657349960156, guid: 91a2d7cdb8b910944a9c8ed5f03b85cf, type: 3}
      propertyPath: m_Mesh
      value: 
      objectReference: {fileID: -6657180443270484345, guid: 2c3ab65717db37141ab798157cb4ba1f, type: 3}
    - target: {fileID: 7576560145894310890, guid: 91a2d7cdb8b910944a9c8ed5f03b85cf, type: 3}
      propertyPath: m_Mesh
      value: 
      objectReference: {fileID: -6657180443270484345, guid: 2c3ab65717db37141ab798157cb4ba1f, type: 3}
    m_RemovedComponents: []
  m_SourcePrefab: {fileID: 100100000, guid: 91a2d7cdb8b910944a9c8ed5f03b85cf, type: 3}
--- !u!1001 &2779357270134355944
PrefabInstance:
  m_ObjectHideFlags: 0
  serializedVersion: 2
  m_Modification:
    m_TransformParent: {fileID: 0}
    m_Modifications:
    - target: {fileID: 2779357271268702128, guid: e0d1fb049f2ee0f40a344edf65b243a6, type: 3}
      propertyPath: trail
      value: 
      objectReference: {fileID: 1285671784}
    - target: {fileID: 2779357271268702136, guid: e0d1fb049f2ee0f40a344edf65b243a6, type: 3}
      propertyPath: m_Name
      value: Main Camera
      objectReference: {fileID: 0}
    - target: {fileID: 2779357271268702139, guid: e0d1fb049f2ee0f40a344edf65b243a6, type: 3}
      propertyPath: m_RootOrder
      value: 7
      objectReference: {fileID: 0}
    - target: {fileID: 2779357271268702139, guid: e0d1fb049f2ee0f40a344edf65b243a6, type: 3}
      propertyPath: m_LocalPosition.x
      value: -0.01
      objectReference: {fileID: 0}
    - target: {fileID: 2779357271268702139, guid: e0d1fb049f2ee0f40a344edf65b243a6, type: 3}
      propertyPath: m_LocalPosition.y
      value: 0.61
      objectReference: {fileID: 0}
    - target: {fileID: 2779357271268702139, guid: e0d1fb049f2ee0f40a344edf65b243a6, type: 3}
      propertyPath: m_LocalPosition.z
      value: -14.19
      objectReference: {fileID: 0}
    - target: {fileID: 2779357271268702139, guid: e0d1fb049f2ee0f40a344edf65b243a6, type: 3}
      propertyPath: m_LocalRotation.w
      value: 1
      objectReference: {fileID: 0}
    - target: {fileID: 2779357271268702139, guid: e0d1fb049f2ee0f40a344edf65b243a6, type: 3}
      propertyPath: m_LocalRotation.x
      value: -0
      objectReference: {fileID: 0}
    - target: {fileID: 2779357271268702139, guid: e0d1fb049f2ee0f40a344edf65b243a6, type: 3}
      propertyPath: m_LocalRotation.y
      value: -0.00003870041
      objectReference: {fileID: 0}
    - target: {fileID: 2779357271268702139, guid: e0d1fb049f2ee0f40a344edf65b243a6, type: 3}
      propertyPath: m_LocalRotation.z
      value: -0
      objectReference: {fileID: 0}
    - target: {fileID: 2779357271268702139, guid: e0d1fb049f2ee0f40a344edf65b243a6, type: 3}
      propertyPath: m_LocalEulerAnglesHint.x
      value: 0
      objectReference: {fileID: 0}
    - target: {fileID: 2779357271268702139, guid: e0d1fb049f2ee0f40a344edf65b243a6, type: 3}
      propertyPath: m_LocalEulerAnglesHint.y
      value: -0.004
      objectReference: {fileID: 0}
    - target: {fileID: 2779357271268702139, guid: e0d1fb049f2ee0f40a344edf65b243a6, type: 3}
      propertyPath: m_LocalEulerAnglesHint.z
      value: 0
      objectReference: {fileID: 0}
    - target: {fileID: 2779357271268702141, guid: e0d1fb049f2ee0f40a344edf65b243a6, type: 3}
      propertyPath: rooms.Array.data[0].doors.Array.data[0]
      value: 
      objectReference: {fileID: 0}
    - target: {fileID: 2779357271268702141, guid: e0d1fb049f2ee0f40a344edf65b243a6, type: 3}
      propertyPath: rooms.Array.data[0].ghosts.Array.data[0]
      value: 
      objectReference: {fileID: 0}
    - target: {fileID: 2779357271268702141, guid: e0d1fb049f2ee0f40a344edf65b243a6, type: 3}
      propertyPath: rooms.Array.data[0].points.Array.data[0]
      value: 
      objectReference: {fileID: 1017104105}
    - target: {fileID: 2779357271268702143, guid: e0d1fb049f2ee0f40a344edf65b243a6, type: 3}
      propertyPath: crosshair
      value: 
      objectReference: {fileID: 1956736181}
    - target: {fileID: 4403958674633832592, guid: e0d1fb049f2ee0f40a344edf65b243a6, type: 3}
      propertyPath: m_IsActive
      value: 0
      objectReference: {fileID: 0}
    m_RemovedComponents: []
  m_SourcePrefab: {fileID: 100100000, guid: e0d1fb049f2ee0f40a344edf65b243a6, type: 3}
--- !u!1001 &3096812905938448811
PrefabInstance:
  m_ObjectHideFlags: 0
  serializedVersion: 2
  m_Modification:
    m_TransformParent: {fileID: 0}
    m_Modifications:
    - target: {fileID: 3096812906836101360, guid: 3a1bd854ab784b14aa2dc480598b4fcc, type: 3}
      propertyPath: m_RootOrder
      value: 13
      objectReference: {fileID: 0}
    - target: {fileID: 3096812906836101360, guid: 3a1bd854ab784b14aa2dc480598b4fcc, type: 3}
      propertyPath: m_LocalPosition.x
      value: 6.3720016
      objectReference: {fileID: 0}
    - target: {fileID: 3096812906836101360, guid: 3a1bd854ab784b14aa2dc480598b4fcc, type: 3}
      propertyPath: m_LocalPosition.y
      value: 0
      objectReference: {fileID: 0}
    - target: {fileID: 3096812906836101360, guid: 3a1bd854ab784b14aa2dc480598b4fcc, type: 3}
      propertyPath: m_LocalPosition.z
      value: 18.470999
      objectReference: {fileID: 0}
    - target: {fileID: 3096812906836101360, guid: 3a1bd854ab784b14aa2dc480598b4fcc, type: 3}
      propertyPath: m_LocalRotation.w
      value: 1
      objectReference: {fileID: 0}
    - target: {fileID: 3096812906836101360, guid: 3a1bd854ab784b14aa2dc480598b4fcc, type: 3}
      propertyPath: m_LocalRotation.x
      value: 0
      objectReference: {fileID: 0}
    - target: {fileID: 3096812906836101360, guid: 3a1bd854ab784b14aa2dc480598b4fcc, type: 3}
      propertyPath: m_LocalRotation.y
      value: 0
      objectReference: {fileID: 0}
    - target: {fileID: 3096812906836101360, guid: 3a1bd854ab784b14aa2dc480598b4fcc, type: 3}
      propertyPath: m_LocalRotation.z
      value: 0
      objectReference: {fileID: 0}
    - target: {fileID: 3096812906836101360, guid: 3a1bd854ab784b14aa2dc480598b4fcc, type: 3}
      propertyPath: m_LocalEulerAnglesHint.x
      value: 0
      objectReference: {fileID: 0}
    - target: {fileID: 3096812906836101360, guid: 3a1bd854ab784b14aa2dc480598b4fcc, type: 3}
      propertyPath: m_LocalEulerAnglesHint.y
      value: 0
      objectReference: {fileID: 0}
    - target: {fileID: 3096812906836101360, guid: 3a1bd854ab784b14aa2dc480598b4fcc, type: 3}
      propertyPath: m_LocalEulerAnglesHint.z
      value: 0
      objectReference: {fileID: 0}
    - target: {fileID: 3096812906836101361, guid: 3a1bd854ab784b14aa2dc480598b4fcc, type: 3}
      propertyPath: m_Name
      value: City0
      objectReference: {fileID: 0}
    m_RemovedComponents: []
  m_SourcePrefab: {fileID: 100100000, guid: 3a1bd854ab784b14aa2dc480598b4fcc, type: 3}
--- !u!1001 &3475561802975440383
PrefabInstance:
  m_ObjectHideFlags: 0
  serializedVersion: 2
  m_Modification:
    m_TransformParent: {fileID: 0}
    m_Modifications:
    - target: {fileID: 3475561802538090867, guid: 82e70ace9eef3b94ea58c487e13b9a6f, type: 3}
      propertyPath: m_Pivot.x
      value: 0
      objectReference: {fileID: 0}
    - target: {fileID: 3475561802538090867, guid: 82e70ace9eef3b94ea58c487e13b9a6f, type: 3}
      propertyPath: m_Pivot.y
      value: 0
      objectReference: {fileID: 0}
    - target: {fileID: 3475561802538090867, guid: 82e70ace9eef3b94ea58c487e13b9a6f, type: 3}
      propertyPath: m_RootOrder
      value: 9
      objectReference: {fileID: 0}
    - target: {fileID: 3475561802538090867, guid: 82e70ace9eef3b94ea58c487e13b9a6f, type: 3}
      propertyPath: m_AnchorMax.x
      value: 0
      objectReference: {fileID: 0}
    - target: {fileID: 3475561802538090867, guid: 82e70ace9eef3b94ea58c487e13b9a6f, type: 3}
      propertyPath: m_AnchorMax.y
      value: 0
      objectReference: {fileID: 0}
    - target: {fileID: 3475561802538090867, guid: 82e70ace9eef3b94ea58c487e13b9a6f, type: 3}
      propertyPath: m_AnchorMin.x
      value: 0
      objectReference: {fileID: 0}
    - target: {fileID: 3475561802538090867, guid: 82e70ace9eef3b94ea58c487e13b9a6f, type: 3}
      propertyPath: m_AnchorMin.y
      value: 0
      objectReference: {fileID: 0}
    - target: {fileID: 3475561802538090867, guid: 82e70ace9eef3b94ea58c487e13b9a6f, type: 3}
      propertyPath: m_SizeDelta.x
      value: 0
      objectReference: {fileID: 0}
    - target: {fileID: 3475561802538090867, guid: 82e70ace9eef3b94ea58c487e13b9a6f, type: 3}
      propertyPath: m_SizeDelta.y
      value: 0
      objectReference: {fileID: 0}
    - target: {fileID: 3475561802538090867, guid: 82e70ace9eef3b94ea58c487e13b9a6f, type: 3}
      propertyPath: m_LocalPosition.x
      value: 0
      objectReference: {fileID: 0}
    - target: {fileID: 3475561802538090867, guid: 82e70ace9eef3b94ea58c487e13b9a6f, type: 3}
      propertyPath: m_LocalPosition.y
      value: 0
      objectReference: {fileID: 0}
    - target: {fileID: 3475561802538090867, guid: 82e70ace9eef3b94ea58c487e13b9a6f, type: 3}
      propertyPath: m_LocalPosition.z
      value: 0
      objectReference: {fileID: 0}
    - target: {fileID: 3475561802538090867, guid: 82e70ace9eef3b94ea58c487e13b9a6f, type: 3}
      propertyPath: m_LocalRotation.w
      value: 1
      objectReference: {fileID: 0}
    - target: {fileID: 3475561802538090867, guid: 82e70ace9eef3b94ea58c487e13b9a6f, type: 3}
      propertyPath: m_LocalRotation.x
      value: 0
      objectReference: {fileID: 0}
    - target: {fileID: 3475561802538090867, guid: 82e70ace9eef3b94ea58c487e13b9a6f, type: 3}
      propertyPath: m_LocalRotation.y
      value: 0
      objectReference: {fileID: 0}
    - target: {fileID: 3475561802538090867, guid: 82e70ace9eef3b94ea58c487e13b9a6f, type: 3}
      propertyPath: m_LocalRotation.z
      value: 0
      objectReference: {fileID: 0}
    - target: {fileID: 3475561802538090867, guid: 82e70ace9eef3b94ea58c487e13b9a6f, type: 3}
      propertyPath: m_AnchoredPosition.x
      value: 0
      objectReference: {fileID: 0}
    - target: {fileID: 3475561802538090867, guid: 82e70ace9eef3b94ea58c487e13b9a6f, type: 3}
      propertyPath: m_AnchoredPosition.y
      value: 0
      objectReference: {fileID: 0}
    - target: {fileID: 3475561802538090867, guid: 82e70ace9eef3b94ea58c487e13b9a6f, type: 3}
      propertyPath: m_LocalEulerAnglesHint.x
      value: 0
      objectReference: {fileID: 0}
    - target: {fileID: 3475561802538090867, guid: 82e70ace9eef3b94ea58c487e13b9a6f, type: 3}
      propertyPath: m_LocalEulerAnglesHint.y
      value: 0
      objectReference: {fileID: 0}
    - target: {fileID: 3475561802538090867, guid: 82e70ace9eef3b94ea58c487e13b9a6f, type: 3}
      propertyPath: m_LocalEulerAnglesHint.z
      value: 0
      objectReference: {fileID: 0}
    - target: {fileID: 3475561802538090869, guid: 82e70ace9eef3b94ea58c487e13b9a6f, type: 3}
      propertyPath: m_MatchWidthOrHeight
      value: 1
      objectReference: {fileID: 0}
    - target: {fileID: 3475561802538090871, guid: 82e70ace9eef3b94ea58c487e13b9a6f, type: 3}
      propertyPath: m_Name
      value: Canvas
      objectReference: {fileID: 0}
    m_RemovedComponents: []
  m_SourcePrefab: {fileID: 100100000, guid: 82e70ace9eef3b94ea58c487e13b9a6f, type: 3}
--- !u!1001 &6207517986071889009
PrefabInstance:
  m_ObjectHideFlags: 0
  serializedVersion: 2
  m_Modification:
    m_TransformParent: {fileID: 0}
    m_Modifications:
    - target: {fileID: 6207517986789248488, guid: f148181eafbe9d44daacd9c70755eae0, type: 3}
      propertyPath: moveDelay
      value: 0.25
      objectReference: {fileID: 0}
    - target: {fileID: 6207517986789248488, guid: f148181eafbe9d44daacd9c70755eae0, type: 3}
      propertyPath: rooms.Array.size
      value: 4
      objectReference: {fileID: 0}
    - target: {fileID: 6207517986789248488, guid: f148181eafbe9d44daacd9c70755eae0, type: 3}
      propertyPath: rooms.Array.data[0].doors.Array.size
      value: 0
      objectReference: {fileID: 0}
    - target: {fileID: 6207517986789248488, guid: f148181eafbe9d44daacd9c70755eae0, type: 3}
      propertyPath: rooms.Array.data[1].doors.Array.size
      value: 0
      objectReference: {fileID: 0}
    - target: {fileID: 6207517986789248488, guid: f148181eafbe9d44daacd9c70755eae0, type: 3}
      propertyPath: rooms.Array.data[2].doors.Array.size
      value: 1
      objectReference: {fileID: 0}
    - target: {fileID: 6207517986789248488, guid: f148181eafbe9d44daacd9c70755eae0, type: 3}
      propertyPath: rooms.Array.data[3].doors.Array.size
      value: 1
      objectReference: {fileID: 0}
    - target: {fileID: 6207517986789248488, guid: f148181eafbe9d44daacd9c70755eae0, type: 3}
      propertyPath: rooms.Array.data[0].ghosts.Array.size
      value: 0
      objectReference: {fileID: 0}
    - target: {fileID: 6207517986789248488, guid: f148181eafbe9d44daacd9c70755eae0, type: 3}
      propertyPath: rooms.Array.data[0].points.Array.size
      value: 1
      objectReference: {fileID: 0}
    - target: {fileID: 6207517986789248488, guid: f148181eafbe9d44daacd9c70755eae0, type: 3}
      propertyPath: rooms.Array.data[1].points.Array.size
      value: 1
      objectReference: {fileID: 0}
    - target: {fileID: 6207517986789248488, guid: f148181eafbe9d44daacd9c70755eae0, type: 3}
      propertyPath: rooms.Array.data[2].points.Array.size
      value: 1
      objectReference: {fileID: 0}
    - target: {fileID: 6207517986789248488, guid: f148181eafbe9d44daacd9c70755eae0, type: 3}
      propertyPath: rooms.Array.data[3].ghosts.Array.size
      value: 1
      objectReference: {fileID: 0}
    - target: {fileID: 6207517986789248488, guid: f148181eafbe9d44daacd9c70755eae0, type: 3}
      propertyPath: rooms.Array.data[3].points.Array.size
      value: 1
      objectReference: {fileID: 0}
    - target: {fileID: 6207517986789248488, guid: f148181eafbe9d44daacd9c70755eae0, type: 3}
      propertyPath: rooms.Array.data[0].doors.Array.data[0]
      value: 
      objectReference: {fileID: 0}
    - target: {fileID: 6207517986789248488, guid: f148181eafbe9d44daacd9c70755eae0, type: 3}
      propertyPath: rooms.Array.data[1].doors.Array.data[0]
      value: 
      objectReference: {fileID: 945875859}
    - target: {fileID: 6207517986789248488, guid: f148181eafbe9d44daacd9c70755eae0, type: 3}
      propertyPath: rooms.Array.data[2].doors.Array.data[0]
      value: 
      objectReference: {fileID: 945875859}
    - target: {fileID: 6207517986789248488, guid: f148181eafbe9d44daacd9c70755eae0, type: 3}
      propertyPath: rooms.Array.data[3].doors.Array.data[0]
      value: 
      objectReference: {fileID: 1578985968}
    - target: {fileID: 6207517986789248488, guid: f148181eafbe9d44daacd9c70755eae0, type: 3}
      propertyPath: rooms.Array.data[0].ghosts.Array.data[0]
      value: 
      objectReference: {fileID: 0}
    - target: {fileID: 6207517986789248488, guid: f148181eafbe9d44daacd9c70755eae0, type: 3}
      propertyPath: rooms.Array.data[0].points.Array.data[0]
      value: 
      objectReference: {fileID: 1017104105}
    - target: {fileID: 6207517986789248488, guid: f148181eafbe9d44daacd9c70755eae0, type: 3}
      propertyPath: rooms.Array.data[1].points.Array.data[0]
      value: 
      objectReference: {fileID: 456647184}
    - target: {fileID: 6207517986789248488, guid: f148181eafbe9d44daacd9c70755eae0, type: 3}
      propertyPath: rooms.Array.data[2].points.Array.data[0]
      value: 
      objectReference: {fileID: 624924682}
    - target: {fileID: 6207517986789248488, guid: f148181eafbe9d44daacd9c70755eae0, type: 3}
      propertyPath: rooms.Array.data[3].ghosts.Array.data[0]
      value: 
      objectReference: {fileID: 752786066}
    - target: {fileID: 6207517986789248488, guid: f148181eafbe9d44daacd9c70755eae0, type: 3}
      propertyPath: rooms.Array.data[3].points.Array.data[0]
      value: 
      objectReference: {fileID: 889938090}
    - target: {fileID: 6207517986789248488, guid: f148181eafbe9d44daacd9c70755eae0, type: 3}
      propertyPath: rooms.Array.data[0].spawnPoints.Array.size
      value: 1
      objectReference: {fileID: 0}
    - target: {fileID: 6207517986789248488, guid: f148181eafbe9d44daacd9c70755eae0, type: 3}
      propertyPath: rooms.Array.data[1].spawnPoints.Array.size
      value: 1
      objectReference: {fileID: 0}
    - target: {fileID: 6207517986789248488, guid: f148181eafbe9d44daacd9c70755eae0, type: 3}
      propertyPath: rooms.Array.data[2].spawnPoints.Array.size
      value: 1
      objectReference: {fileID: 0}
    - target: {fileID: 6207517986789248488, guid: f148181eafbe9d44daacd9c70755eae0, type: 3}
      propertyPath: rooms.Array.data[3].spawnPoints.Array.size
      value: 2
      objectReference: {fileID: 0}
    - target: {fileID: 6207517986789248488, guid: f148181eafbe9d44daacd9c70755eae0, type: 3}
      propertyPath: rooms.Array.data[0].spawnPoints.Array.data[0]
      value: 
      objectReference: {fileID: 72513779}
    - target: {fileID: 6207517986789248488, guid: f148181eafbe9d44daacd9c70755eae0, type: 3}
      propertyPath: rooms.Array.data[0].spawnPoints.Array.data[1]
      value: 
      objectReference: {fileID: 0}
    - target: {fileID: 6207517986789248488, guid: f148181eafbe9d44daacd9c70755eae0, type: 3}
      propertyPath: rooms.Array.data[1].spawnPoints.Array.data[0]
      value: 
      objectReference: {fileID: 1950848209}
    - target: {fileID: 6207517986789248488, guid: f148181eafbe9d44daacd9c70755eae0, type: 3}
      propertyPath: rooms.Array.data[2].spawnPoints.Array.data[0]
      value: 
      objectReference: {fileID: 982219481}
    - target: {fileID: 6207517986789248488, guid: f148181eafbe9d44daacd9c70755eae0, type: 3}
      propertyPath: rooms.Array.data[3].spawnPoints.Array.data[0]
      value: 
      objectReference: {fileID: 1239524096}
    - target: {fileID: 6207517986789248488, guid: f148181eafbe9d44daacd9c70755eae0, type: 3}
      propertyPath: rooms.Array.data[3].spawnPoints.Array.data[1]
      value: 
      objectReference: {fileID: 1941943412}
    - target: {fileID: 6207517986789248489, guid: f148181eafbe9d44daacd9c70755eae0, type: 3}
      propertyPath: m_Name
      value: MAIN
      objectReference: {fileID: 0}
    - target: {fileID: 6207517986789248489, guid: f148181eafbe9d44daacd9c70755eae0, type: 3}
      propertyPath: m_IsActive
      value: 1
      objectReference: {fileID: 0}
    - target: {fileID: 6207517986789248491, guid: f148181eafbe9d44daacd9c70755eae0, type: 3}
      propertyPath: m_RootOrder
      value: 0
      objectReference: {fileID: 0}
    - target: {fileID: 6207517986789248491, guid: f148181eafbe9d44daacd9c70755eae0, type: 3}
      propertyPath: m_LocalPosition.x
      value: -0.010000229
      objectReference: {fileID: 0}
    - target: {fileID: 6207517986789248491, guid: f148181eafbe9d44daacd9c70755eae0, type: 3}
      propertyPath: m_LocalPosition.y
      value: 0.61000013
      objectReference: {fileID: 0}
    - target: {fileID: 6207517986789248491, guid: f148181eafbe9d44daacd9c70755eae0, type: 3}
      propertyPath: m_LocalPosition.z
      value: -11.51
      objectReference: {fileID: 0}
    - target: {fileID: 6207517986789248491, guid: f148181eafbe9d44daacd9c70755eae0, type: 3}
      propertyPath: m_LocalRotation.w
      value: 1
      objectReference: {fileID: 0}
    - target: {fileID: 6207517986789248491, guid: f148181eafbe9d44daacd9c70755eae0, type: 3}
      propertyPath: m_LocalRotation.x
      value: 0
      objectReference: {fileID: 0}
    - target: {fileID: 6207517986789248491, guid: f148181eafbe9d44daacd9c70755eae0, type: 3}
      propertyPath: m_LocalRotation.y
      value: 0
      objectReference: {fileID: 0}
    - target: {fileID: 6207517986789248491, guid: f148181eafbe9d44daacd9c70755eae0, type: 3}
      propertyPath: m_LocalRotation.z
      value: 0
      objectReference: {fileID: 0}
    - target: {fileID: 6207517986789248491, guid: f148181eafbe9d44daacd9c70755eae0, type: 3}
      propertyPath: m_LocalEulerAnglesHint.x
      value: 0
      objectReference: {fileID: 0}
    - target: {fileID: 6207517986789248491, guid: f148181eafbe9d44daacd9c70755eae0, type: 3}
      propertyPath: m_LocalEulerAnglesHint.y
      value: 0
      objectReference: {fileID: 0}
    - target: {fileID: 6207517986789248491, guid: f148181eafbe9d44daacd9c70755eae0, type: 3}
      propertyPath: m_LocalEulerAnglesHint.z
      value: 0
      objectReference: {fileID: 0}
    m_RemovedComponents: []
  m_SourcePrefab: {fileID: 100100000, guid: f148181eafbe9d44daacd9c70755eae0, type: 3}
