%YAML 1.1
%TAG !u! tag:unity3d.com,2011:
--- !u!29 &1
OcclusionCullingSettings:
  m_ObjectHideFlags: 0
  serializedVersion: 2
  m_OcclusionBakeSettings:
    smallestOccluder: 5
    smallestHole: 0.25
    backfaceThreshold: 100
  m_SceneGUID: 00000000000000000000000000000000
  m_OcclusionCullingData: {fileID: 0}
--- !u!104 &2
RenderSettings:
  m_ObjectHideFlags: 0
  serializedVersion: 9
  m_Fog: 0
  m_FogColor: {r: 0.8773585, g: 0.8773585, b: 0.8773585, a: 1}
  m_FogMode: 3
  m_FogDensity: 0.01
  m_LinearFogStart: 0
  m_LinearFogEnd: 300
  m_AmbientSkyColor: {r: 0, g: 0.009862666, b: 0.4339623, a: 1}
  m_AmbientEquatorColor: {r: 0.114, g: 0.125, b: 0.133, a: 1}
  m_AmbientGroundColor: {r: 0.047, g: 0.043, b: 0.035, a: 1}
  m_AmbientIntensity: 1
  m_AmbientMode: 0
  m_SubtractiveShadowColor: {r: 0, g: 0, b: 0, a: 1}
  m_SkyboxMaterial: {fileID: 2100000, guid: 6fc9b0516ebf51b4686f3af03f639596, type: 2}
  m_HaloStrength: 0.5
  m_FlareStrength: 1
  m_FlareFadeSpeed: 3
  m_HaloTexture: {fileID: 0}
  m_SpotCookie: {fileID: 10001, guid: 0000000000000000e000000000000000, type: 0}
  m_DefaultReflectionMode: 0
  m_DefaultReflectionResolution: 128
  m_ReflectionBounces: 1
  m_ReflectionIntensity: 1
  m_CustomReflection: {fileID: 0}
  m_Sun: {fileID: 0}
  m_IndirectSpecularColor: {r: 0.3825922, g: 0.6134317, b: 0.94958293, a: 1}
  m_UseRadianceAmbientProbe: 0
--- !u!157 &3
LightmapSettings:
  m_ObjectHideFlags: 0
  serializedVersion: 12
  m_GIWorkflowMode: 1
  m_GISettings:
    serializedVersion: 2
    m_BounceScale: 1
    m_IndirectOutputScale: 1
    m_AlbedoBoost: 1
    m_EnvironmentLightingMode: 0
    m_EnableBakedLightmaps: 1
    m_EnableRealtimeLightmaps: 0
  m_LightmapEditorSettings:
    serializedVersion: 12
    m_Resolution: 2
    m_BakeResolution: 40
    m_AtlasSize: 1024
    m_AO: 0
    m_AOMaxDistance: 1
    m_CompAOExponent: 1
    m_CompAOExponentDirect: 0
    m_ExtractAmbientOcclusion: 0
    m_Padding: 2
    m_LightmapParameters: {fileID: 0}
    m_LightmapsBakeMode: 1
    m_TextureCompression: 1
    m_FinalGather: 0
    m_FinalGatherFiltering: 1
    m_FinalGatherRayCount: 256
    m_ReflectionCompression: 2
    m_MixedBakeMode: 2
    m_BakeBackend: 1
    m_PVRSampling: 1
    m_PVRDirectSampleCount: 32
    m_PVRSampleCount: 512
    m_PVRBounces: 2
    m_PVREnvironmentSampleCount: 256
    m_PVREnvironmentReferencePointCount: 2048
    m_PVRFilteringMode: 1
    m_PVRDenoiserTypeDirect: 1
    m_PVRDenoiserTypeIndirect: 1
    m_PVRDenoiserTypeAO: 1
    m_PVRFilterTypeDirect: 0
    m_PVRFilterTypeIndirect: 0
    m_PVRFilterTypeAO: 0
    m_PVREnvironmentMIS: 1
    m_PVRCulling: 1
    m_PVRFilteringGaussRadiusDirect: 1
    m_PVRFilteringGaussRadiusIndirect: 5
    m_PVRFilteringGaussRadiusAO: 2
    m_PVRFilteringAtrousPositionSigmaDirect: 0.5
    m_PVRFilteringAtrousPositionSigmaIndirect: 2
    m_PVRFilteringAtrousPositionSigmaAO: 1
    m_ExportTrainingData: 0
    m_TrainingDataDestination: TrainingData
    m_LightProbeSampleCountMultiplier: 4
  m_LightingDataAsset: {fileID: 0}
  m_LightingSettings: {fileID: 0}
--- !u!196 &4
NavMeshSettings:
  serializedVersion: 2
  m_ObjectHideFlags: 0
  m_BuildSettings:
    serializedVersion: 2
    agentTypeID: 0
    agentRadius: 0.5
    agentHeight: 2
    agentSlope: 45
    agentClimb: 0.4
    ledgeDropHeight: 0
    maxJumpAcrossDistance: 0
    minRegionArea: 2
    manualCellSize: 0
    cellSize: 0.16666667
    manualTileSize: 0
    tileSize: 256
    accuratePlacement: 0
    maxJobWorkers: 0
    preserveTilesOutsideBounds: 0
    debug:
      m_Flags: 0
  m_NavMeshData: {fileID: 0}
--- !u!1 &22657231
GameObject:
  m_ObjectHideFlags: 0
  m_CorrespondingSourceObject: {fileID: 0}
  m_PrefabInstance: {fileID: 0}
  m_PrefabAsset: {fileID: 0}
  serializedVersion: 6
  m_Component:
  - component: {fileID: 22657232}
  m_Layer: 0
  m_Name: spawn (5)
  m_TagString: Untagged
  m_Icon: {fileID: -5397416234189338067, guid: 0000000000000000d000000000000000, type: 0}
  m_NavMeshLayer: 0
  m_StaticEditorFlags: 0
  m_IsActive: 1
--- !u!4 &22657232
Transform:
  m_ObjectHideFlags: 0
  m_CorrespondingSourceObject: {fileID: 0}
  m_PrefabInstance: {fileID: 0}
  m_PrefabAsset: {fileID: 0}
  m_GameObject: {fileID: 22657231}
  m_LocalRotation: {x: 0, y: 0, z: 0, w: 1}
  m_LocalPosition: {x: 2.85, y: -0.91, z: 25.43}
  m_LocalScale: {x: 1, y: 1, z: 1}
  m_Children: []
  m_Father: {fileID: 0}
  m_RootOrder: 24
  m_LocalEulerAnglesHint: {x: 0, y: 0, z: 0}
--- !u!1001 &73642678
PrefabInstance:
  m_ObjectHideFlags: 0
  serializedVersion: 2
  m_Modification:
    m_TransformParent: {fileID: 0}
    m_Modifications:
    - target: {fileID: 4627288314831330439, guid: 5254a5802854dd14abca00e18f3d04bd, type: 3}
      propertyPath: m_Name
      value: Room5Purple
      objectReference: {fileID: 0}
    - target: {fileID: 5884996063308346589, guid: 5254a5802854dd14abca00e18f3d04bd, type: 3}
      propertyPath: m_RootOrder
      value: 1
      objectReference: {fileID: 0}
    - target: {fileID: 5884996063308346589, guid: 5254a5802854dd14abca00e18f3d04bd, type: 3}
      propertyPath: m_LocalPosition.x
      value: 4.04
      objectReference: {fileID: 0}
    - target: {fileID: 5884996063308346589, guid: 5254a5802854dd14abca00e18f3d04bd, type: 3}
      propertyPath: m_LocalPosition.y
      value: -0.009
      objectReference: {fileID: 0}
    - target: {fileID: 5884996063308346589, guid: 5254a5802854dd14abca00e18f3d04bd, type: 3}
      propertyPath: m_LocalPosition.z
      value: -1.08
      objectReference: {fileID: 0}
    - target: {fileID: 5884996063308346589, guid: 5254a5802854dd14abca00e18f3d04bd, type: 3}
      propertyPath: m_LocalRotation.w
      value: 0
      objectReference: {fileID: 0}
    - target: {fileID: 5884996063308346589, guid: 5254a5802854dd14abca00e18f3d04bd, type: 3}
      propertyPath: m_LocalRotation.x
      value: -0
      objectReference: {fileID: 0}
    - target: {fileID: 5884996063308346589, guid: 5254a5802854dd14abca00e18f3d04bd, type: 3}
      propertyPath: m_LocalRotation.y
      value: -0.7071068
      objectReference: {fileID: 0}
    - target: {fileID: 5884996063308346589, guid: 5254a5802854dd14abca00e18f3d04bd, type: 3}
      propertyPath: m_LocalRotation.z
      value: -0.7071068
      objectReference: {fileID: 0}
    - target: {fileID: 5884996063308346589, guid: 5254a5802854dd14abca00e18f3d04bd, type: 3}
      propertyPath: m_LocalEulerAnglesHint.x
      value: -90
      objectReference: {fileID: 0}
    - target: {fileID: 5884996063308346589, guid: 5254a5802854dd14abca00e18f3d04bd, type: 3}
      propertyPath: m_LocalEulerAnglesHint.y
      value: 0
      objectReference: {fileID: 0}
    - target: {fileID: 5884996063308346589, guid: 5254a5802854dd14abca00e18f3d04bd, type: 3}
      propertyPath: m_LocalEulerAnglesHint.z
      value: -180
      objectReference: {fileID: 0}
    m_RemovedComponents: []
  m_SourcePrefab: {fileID: 100100000, guid: 5254a5802854dd14abca00e18f3d04bd, type: 3}
--- !u!1001 &155235226
PrefabInstance:
  m_ObjectHideFlags: 0
  serializedVersion: 2
  m_Modification:
    m_TransformParent: {fileID: 0}
    m_Modifications:
    - target: {fileID: 1236695072759092155, guid: 91a2d7cdb8b910944a9c8ed5f03b85cf, type: 3}
      propertyPath: m_RootOrder
      value: 14
      objectReference: {fileID: 0}
    - target: {fileID: 1236695072759092155, guid: 91a2d7cdb8b910944a9c8ed5f03b85cf, type: 3}
      propertyPath: m_LocalPosition.x
      value: 4.039
      objectReference: {fileID: 0}
    - target: {fileID: 1236695072759092155, guid: 91a2d7cdb8b910944a9c8ed5f03b85cf, type: 3}
      propertyPath: m_LocalPosition.y
      value: -1.02
      objectReference: {fileID: 0}
    - target: {fileID: 1236695072759092155, guid: 91a2d7cdb8b910944a9c8ed5f03b85cf, type: 3}
      propertyPath: m_LocalPosition.z
      value: 4.983
      objectReference: {fileID: 0}
    - target: {fileID: 1236695072759092155, guid: 91a2d7cdb8b910944a9c8ed5f03b85cf, type: 3}
      propertyPath: m_LocalRotation.w
      value: 1
      objectReference: {fileID: 0}
    - target: {fileID: 1236695072759092155, guid: 91a2d7cdb8b910944a9c8ed5f03b85cf, type: 3}
      propertyPath: m_LocalRotation.x
      value: 0
      objectReference: {fileID: 0}
    - target: {fileID: 1236695072759092155, guid: 91a2d7cdb8b910944a9c8ed5f03b85cf, type: 3}
      propertyPath: m_LocalRotation.y
      value: 0
      objectReference: {fileID: 0}
    - target: {fileID: 1236695072759092155, guid: 91a2d7cdb8b910944a9c8ed5f03b85cf, type: 3}
      propertyPath: m_LocalRotation.z
      value: 0
      objectReference: {fileID: 0}
    - target: {fileID: 1236695072759092155, guid: 91a2d7cdb8b910944a9c8ed5f03b85cf, type: 3}
      propertyPath: m_LocalEulerAnglesHint.x
      value: 0
      objectReference: {fileID: 0}
    - target: {fileID: 1236695072759092155, guid: 91a2d7cdb8b910944a9c8ed5f03b85cf, type: 3}
      propertyPath: m_LocalEulerAnglesHint.y
      value: 0
      objectReference: {fileID: 0}
    - target: {fileID: 1236695072759092155, guid: 91a2d7cdb8b910944a9c8ed5f03b85cf, type: 3}
      propertyPath: m_LocalEulerAnglesHint.z
      value: 0
      objectReference: {fileID: 0}
    - target: {fileID: 2451693394870239215, guid: 91a2d7cdb8b910944a9c8ed5f03b85cf, type: 3}
      propertyPath: m_Name
      value: Door (1)
      objectReference: {fileID: 0}
    - target: {fileID: 2451693394870239215, guid: 91a2d7cdb8b910944a9c8ed5f03b85cf, type: 3}
      propertyPath: m_IsActive
      value: 1
      objectReference: {fileID: 0}
    - target: {fileID: 4901562051050370488, guid: 91a2d7cdb8b910944a9c8ed5f03b85cf, type: 3}
      propertyPath: m_LocalScale.x
      value: 100
      objectReference: {fileID: 0}
    m_RemovedComponents: []
  m_SourcePrefab: {fileID: 100100000, guid: 91a2d7cdb8b910944a9c8ed5f03b85cf, type: 3}
--- !u!1 &155235227 stripped
GameObject:
  m_CorrespondingSourceObject: {fileID: 2451693394870239215, guid: 91a2d7cdb8b910944a9c8ed5f03b85cf, type: 3}
  m_PrefabInstance: {fileID: 155235226}
  m_PrefabAsset: {fileID: 0}
--- !u!1 &205261814
GameObject:
  m_ObjectHideFlags: 0
  m_CorrespondingSourceObject: {fileID: 0}
  m_PrefabInstance: {fileID: 0}
  m_PrefabAsset: {fileID: 0}
  serializedVersion: 6
  m_Component:
  - component: {fileID: 205261815}
  m_Layer: 0
  m_Name: spawn
  m_TagString: Untagged
  m_Icon: {fileID: -5397416234189338067, guid: 0000000000000000d000000000000000, type: 0}
  m_NavMeshLayer: 0
  m_StaticEditorFlags: 0
  m_IsActive: 1
--- !u!4 &205261815
Transform:
  m_ObjectHideFlags: 0
  m_CorrespondingSourceObject: {fileID: 0}
  m_PrefabInstance: {fileID: 0}
  m_PrefabAsset: {fileID: 0}
  m_GameObject: {fileID: 205261814}
  m_LocalRotation: {x: 0, y: 0, z: 0, w: 1}
  m_LocalPosition: {x: -0.02, y: -0.91, z: -7.51}
  m_LocalScale: {x: 1, y: 1, z: 1}
  m_Children: []
  m_Father: {fileID: 0}
  m_RootOrder: 19
  m_LocalEulerAnglesHint: {x: 0, y: 0, z: 0}
--- !u!1 &359365797
GameObject:
  m_ObjectHideFlags: 0
  m_CorrespondingSourceObject: {fileID: 0}
  m_PrefabInstance: {fileID: 0}
  m_PrefabAsset: {fileID: 0}
  serializedVersion: 6
  m_Component:
  - component: {fileID: 359365798}
  m_Layer: 0
  m_Name: spawn (3)
  m_TagString: Untagged
  m_Icon: {fileID: -5397416234189338067, guid: 0000000000000000d000000000000000, type: 0}
  m_NavMeshLayer: 0
  m_StaticEditorFlags: 0
  m_IsActive: 1
--- !u!4 &359365798
Transform:
  m_ObjectHideFlags: 0
  m_CorrespondingSourceObject: {fileID: 0}
  m_PrefabInstance: {fileID: 0}
  m_PrefabAsset: {fileID: 0}
  m_GameObject: {fileID: 359365797}
  m_LocalRotation: {x: 0, y: 0, z: 0, w: 1}
  m_LocalPosition: {x: 1.22, y: -0.91, z: 14.54}
  m_LocalScale: {x: 1, y: 1, z: 1}
  m_Children: []
  m_Father: {fileID: 0}
  m_RootOrder: 22
  m_LocalEulerAnglesHint: {x: 0, y: 0, z: 0}
--- !u!1001 &454199476
PrefabInstance:
  m_ObjectHideFlags: 0
  serializedVersion: 2
  m_Modification:
    m_TransformParent: {fileID: 0}
    m_Modifications:
    - target: {fileID: 1236695072759092155, guid: 91a2d7cdb8b910944a9c8ed5f03b85cf, type: 3}
      propertyPath: m_RootOrder
      value: 15
      objectReference: {fileID: 0}
    - target: {fileID: 1236695072759092155, guid: 91a2d7cdb8b910944a9c8ed5f03b85cf, type: 3}
      propertyPath: m_LocalPosition.x
      value: 2.027
      objectReference: {fileID: 0}
    - target: {fileID: 1236695072759092155, guid: 91a2d7cdb8b910944a9c8ed5f03b85cf, type: 3}
      propertyPath: m_LocalPosition.y
      value: -1.02
      objectReference: {fileID: 0}
    - target: {fileID: 1236695072759092155, guid: 91a2d7cdb8b910944a9c8ed5f03b85cf, type: 3}
      propertyPath: m_LocalPosition.z
      value: 17.21
      objectReference: {fileID: 0}
    - target: {fileID: 1236695072759092155, guid: 91a2d7cdb8b910944a9c8ed5f03b85cf, type: 3}
      propertyPath: m_LocalRotation.w
      value: 1
      objectReference: {fileID: 0}
    - target: {fileID: 1236695072759092155, guid: 91a2d7cdb8b910944a9c8ed5f03b85cf, type: 3}
      propertyPath: m_LocalRotation.x
      value: 0
      objectReference: {fileID: 0}
    - target: {fileID: 1236695072759092155, guid: 91a2d7cdb8b910944a9c8ed5f03b85cf, type: 3}
      propertyPath: m_LocalRotation.y
      value: 0
      objectReference: {fileID: 0}
    - target: {fileID: 1236695072759092155, guid: 91a2d7cdb8b910944a9c8ed5f03b85cf, type: 3}
      propertyPath: m_LocalRotation.z
      value: 0
      objectReference: {fileID: 0}
    - target: {fileID: 1236695072759092155, guid: 91a2d7cdb8b910944a9c8ed5f03b85cf, type: 3}
      propertyPath: m_LocalEulerAnglesHint.x
      value: 0
      objectReference: {fileID: 0}
    - target: {fileID: 1236695072759092155, guid: 91a2d7cdb8b910944a9c8ed5f03b85cf, type: 3}
      propertyPath: m_LocalEulerAnglesHint.y
      value: 0
      objectReference: {fileID: 0}
    - target: {fileID: 1236695072759092155, guid: 91a2d7cdb8b910944a9c8ed5f03b85cf, type: 3}
      propertyPath: m_LocalEulerAnglesHint.z
      value: 0
      objectReference: {fileID: 0}
    - target: {fileID: 2451693394870239215, guid: 91a2d7cdb8b910944a9c8ed5f03b85cf, type: 3}
      propertyPath: m_Name
      value: Door (2)
      objectReference: {fileID: 0}
    - target: {fileID: 2451693394870239215, guid: 91a2d7cdb8b910944a9c8ed5f03b85cf, type: 3}
      propertyPath: m_IsActive
      value: 1
      objectReference: {fileID: 0}
    - target: {fileID: 4901562051050370488, guid: 91a2d7cdb8b910944a9c8ed5f03b85cf, type: 3}
      propertyPath: m_LocalScale.x
      value: 100
      objectReference: {fileID: 0}
    m_RemovedComponents: []
  m_SourcePrefab: {fileID: 100100000, guid: 91a2d7cdb8b910944a9c8ed5f03b85cf, type: 3}
--- !u!1 &454199477 stripped
GameObject:
  m_CorrespondingSourceObject: {fileID: 2451693394870239215, guid: 91a2d7cdb8b910944a9c8ed5f03b85cf, type: 3}
  m_PrefabInstance: {fileID: 454199476}
  m_PrefabAsset: {fileID: 0}
--- !u!1 &469483805
GameObject:
  m_ObjectHideFlags: 0
  m_CorrespondingSourceObject: {fileID: 0}
  m_PrefabInstance: {fileID: 0}
  m_PrefabAsset: {fileID: 0}
  serializedVersion: 6
  m_Component:
  - component: {fileID: 469483806}
  m_Layer: 0
  m_Name: spawn (2)
  m_TagString: Untagged
  m_Icon: {fileID: -5397416234189338067, guid: 0000000000000000d000000000000000, type: 0}
  m_NavMeshLayer: 0
  m_StaticEditorFlags: 0
  m_IsActive: 1
--- !u!4 &469483806
Transform:
  m_ObjectHideFlags: 0
  m_CorrespondingSourceObject: {fileID: 0}
  m_PrefabInstance: {fileID: 0}
  m_PrefabAsset: {fileID: 0}
  m_GameObject: {fileID: 469483805}
  m_LocalRotation: {x: 0, y: 0, z: 0, w: 1}
  m_LocalPosition: {x: 3.98, y: -0.91, z: 3.63}
  m_LocalScale: {x: 1, y: 1, z: 1}
  m_Children: []
  m_Father: {fileID: 0}
  m_RootOrder: 21
  m_LocalEulerAnglesHint: {x: 0, y: 0, z: 0}
--- !u!1 &674701340
GameObject:
  m_ObjectHideFlags: 0
  m_CorrespondingSourceObject: {fileID: 0}
  m_PrefabInstance: {fileID: 0}
  m_PrefabAsset: {fileID: 0}
  serializedVersion: 6
  m_Component:
  - component: {fileID: 674701343}
  - component: {fileID: 674701342}
  - component: {fileID: 674701341}
  m_Layer: 0
  m_Name: EventSystem
  m_TagString: Untagged
  m_Icon: {fileID: 0}
  m_NavMeshLayer: 0
  m_StaticEditorFlags: 0
  m_IsActive: 1
--- !u!114 &674701341
MonoBehaviour:
  m_ObjectHideFlags: 0
  m_CorrespondingSourceObject: {fileID: 0}
  m_PrefabInstance: {fileID: 0}
  m_PrefabAsset: {fileID: 0}
  m_GameObject: {fileID: 674701340}
  m_Enabled: 1
  m_EditorHideFlags: 0
  m_Script: {fileID: 11500000, guid: 4f231c4fb786f3946a6b90b886c48677, type: 3}
  m_Name: 
  m_EditorClassIdentifier: 
  m_HorizontalAxis: Horizontal
  m_VerticalAxis: Vertical
  m_SubmitButton: Submit
  m_CancelButton: Cancel
  m_InputActionsPerSecond: 10
  m_RepeatDelay: 0.5
  m_ForceModuleActive: 0
--- !u!114 &674701342
MonoBehaviour:
  m_ObjectHideFlags: 0
  m_CorrespondingSourceObject: {fileID: 0}
  m_PrefabInstance: {fileID: 0}
  m_PrefabAsset: {fileID: 0}
  m_GameObject: {fileID: 674701340}
  m_Enabled: 1
  m_EditorHideFlags: 0
  m_Script: {fileID: 11500000, guid: 76c392e42b5098c458856cdf6ecaaaa1, type: 3}
  m_Name: 
  m_EditorClassIdentifier: 
  m_FirstSelected: {fileID: 0}
  m_sendNavigationEvents: 1
  m_DragThreshold: 10
--- !u!4 &674701343
Transform:
  m_ObjectHideFlags: 0
  m_CorrespondingSourceObject: {fileID: 0}
  m_PrefabInstance: {fileID: 0}
  m_PrefabAsset: {fileID: 0}
  m_GameObject: {fileID: 674701340}
  m_LocalRotation: {x: 0, y: 0, z: 0, w: 1}
  m_LocalPosition: {x: 0, y: 0, z: 0}
  m_LocalScale: {x: 1, y: 1, z: 1}
  m_Children: []
  m_Father: {fileID: 0}
  m_RootOrder: 6
  m_LocalEulerAnglesHint: {x: 0, y: 0, z: 0}
--- !u!1 &679828372
GameObject:
  m_ObjectHideFlags: 0
  m_CorrespondingSourceObject: {fileID: 0}
  m_PrefabInstance: {fileID: 0}
  m_PrefabAsset: {fileID: 0}
  serializedVersion: 6
  m_Component:
  - component: {fileID: 679828374}
  - component: {fileID: 679828373}
  m_Layer: 0
  m_Name: Directional Light
  m_TagString: Untagged
  m_Icon: {fileID: 0}
  m_NavMeshLayer: 0
  m_StaticEditorFlags: 0
  m_IsActive: 1
--- !u!108 &679828373
Light:
  m_ObjectHideFlags: 0
  m_CorrespondingSourceObject: {fileID: 0}
  m_PrefabInstance: {fileID: 0}
  m_PrefabAsset: {fileID: 0}
  m_GameObject: {fileID: 679828372}
  m_Enabled: 1
  serializedVersion: 10
  m_Type: 1
  m_Shape: 0
  m_Color: {r: 1, g: 1, b: 1, a: 1}
  m_Intensity: 1
  m_Range: 10
  m_SpotAngle: 30
  m_InnerSpotAngle: 21.80208
  m_CookieSize: 10
  m_Shadows:
    m_Type: 2
    m_Resolution: -1
    m_CustomResolution: -1
    m_Strength: 0.763
    m_Bias: 0.05
    m_NormalBias: 0.4
    m_NearPlane: 0.2
    m_CullingMatrixOverride:
      e00: 1
      e01: 0
      e02: 0
      e03: 0
      e10: 0
      e11: 1
      e12: 0
      e13: 0
      e20: 0
      e21: 0
      e22: 1
      e23: 0
      e30: 0
      e31: 0
      e32: 0
      e33: 1
    m_UseCullingMatrixOverride: 0
  m_Cookie: {fileID: 0}
  m_DrawHalo: 0
  m_Flare: {fileID: 0}
  m_RenderMode: 0
  m_CullingMask:
    serializedVersion: 2
    m_Bits: 4294967295
  m_RenderingLayerMask: 1
  m_Lightmapping: 4
  m_LightShadowCasterMode: 0
  m_AreaSize: {x: 1, y: 1}
  m_BounceIntensity: 1
  m_ColorTemperature: 6570
  m_UseColorTemperature: 0
  m_BoundingSphereOverride: {x: 0, y: 0, z: 0, w: 0}
  m_UseBoundingSphereOverride: 0
  m_UseViewFrustumForShadowCasterCull: 1
  m_ShadowRadius: 0
  m_ShadowAngle: 0
--- !u!4 &679828374
Transform:
  m_ObjectHideFlags: 0
  m_CorrespondingSourceObject: {fileID: 0}
  m_PrefabInstance: {fileID: 0}
  m_PrefabAsset: {fileID: 0}
  m_GameObject: {fileID: 679828372}
  m_LocalRotation: {x: 0.46372303, y: 0.17621632, z: -0.08976135, w: 0.863627}
  m_LocalPosition: {x: -0.29, y: 9.89, z: -19.63}
  m_LocalScale: {x: 1, y: 1, z: 1}
  m_Children: []
  m_Father: {fileID: 0}
  m_RootOrder: 4
  m_LocalEulerAnglesHint: {x: 56.367, y: 23.53, z: 0.868}
--- !u!1001 &679863286
PrefabInstance:
  m_ObjectHideFlags: 0
  serializedVersion: 2
  m_Modification:
    m_TransformParent: {fileID: 0}
    m_Modifications:
    - target: {fileID: 5086558755713891569, guid: 71fe266644f4ec84bb1fffc88f504ca9, type: 3}
      propertyPath: m_Name
      value: Room2Purple
      objectReference: {fileID: 0}
    - target: {fileID: 8607014733039807484, guid: 71fe266644f4ec84bb1fffc88f504ca9, type: 3}
      propertyPath: m_RootOrder
      value: 0
      objectReference: {fileID: 0}
    - target: {fileID: 8607014733039807484, guid: 71fe266644f4ec84bb1fffc88f504ca9, type: 3}
      propertyPath: m_LocalPosition.x
      value: -1.086
      objectReference: {fileID: 0}
    - target: {fileID: 8607014733039807484, guid: 71fe266644f4ec84bb1fffc88f504ca9, type: 3}
      propertyPath: m_LocalPosition.y
      value: -0
      objectReference: {fileID: 0}
    - target: {fileID: 8607014733039807484, guid: 71fe266644f4ec84bb1fffc88f504ca9, type: 3}
      propertyPath: m_LocalPosition.z
      value: -11.28
      objectReference: {fileID: 0}
    - target: {fileID: 8607014733039807484, guid: 71fe266644f4ec84bb1fffc88f504ca9, type: 3}
      propertyPath: m_LocalRotation.w
      value: 0
      objectReference: {fileID: 0}
    - target: {fileID: 8607014733039807484, guid: 71fe266644f4ec84bb1fffc88f504ca9, type: 3}
      propertyPath: m_LocalRotation.x
      value: 0
      objectReference: {fileID: 0}
    - target: {fileID: 8607014733039807484, guid: 71fe266644f4ec84bb1fffc88f504ca9, type: 3}
      propertyPath: m_LocalRotation.y
      value: 0.7069834
      objectReference: {fileID: 0}
    - target: {fileID: 8607014733039807484, guid: 71fe266644f4ec84bb1fffc88f504ca9, type: 3}
      propertyPath: m_LocalRotation.z
      value: 0.7072302
      objectReference: {fileID: 0}
    - target: {fileID: 8607014733039807484, guid: 71fe266644f4ec84bb1fffc88f504ca9, type: 3}
      propertyPath: m_LocalEulerAnglesHint.x
      value: -89.98
      objectReference: {fileID: 0}
    - target: {fileID: 8607014733039807484, guid: 71fe266644f4ec84bb1fffc88f504ca9, type: 3}
      propertyPath: m_LocalEulerAnglesHint.y
      value: 0
      objectReference: {fileID: 0}
    - target: {fileID: 8607014733039807484, guid: 71fe266644f4ec84bb1fffc88f504ca9, type: 3}
      propertyPath: m_LocalEulerAnglesHint.z
      value: 180
      objectReference: {fileID: 0}
    m_RemovedComponents: []
  m_SourcePrefab: {fileID: 100100000, guid: 71fe266644f4ec84bb1fffc88f504ca9, type: 3}
--- !u!1 &723418250
GameObject:
  m_ObjectHideFlags: 0
  m_CorrespondingSourceObject: {fileID: 0}
  m_PrefabInstance: {fileID: 0}
  m_PrefabAsset: {fileID: 0}
  serializedVersion: 6
  m_Component:
  - component: {fileID: 723418251}
  m_Layer: 0
  m_Name: pointMovement (3)
  m_TagString: Untagged
  m_Icon: {fileID: 7174288486110832750, guid: 0000000000000000d000000000000000, type: 0}
  m_NavMeshLayer: 0
  m_StaticEditorFlags: 0
  m_IsActive: 1
--- !u!4 &723418251
Transform:
  m_ObjectHideFlags: 0
  m_CorrespondingSourceObject: {fileID: 0}
  m_PrefabInstance: {fileID: 0}
  m_PrefabAsset: {fileID: 0}
  m_GameObject: {fileID: 723418250}
  m_LocalRotation: {x: 0, y: 0, z: 0, w: 1}
  m_LocalPosition: {x: 4.09, y: 0.53, z: 6.65}
  m_LocalScale: {x: 1, y: 1, z: 1}
  m_Children: []
  m_Father: {fileID: 0}
  m_RootOrder: 10
  m_LocalEulerAnglesHint: {x: 0, y: 0, z: 0}
--- !u!1001 &820785734
PrefabInstance:
  m_ObjectHideFlags: 0
  serializedVersion: 2
  m_Modification:
    m_TransformParent: {fileID: 0}
    m_Modifications:
    - target: {fileID: 2779357271268702136, guid: e0d1fb049f2ee0f40a344edf65b243a6, type: 3}
      propertyPath: m_Name
      value: Main Camera
      objectReference: {fileID: 0}
    - target: {fileID: 2779357271268702139, guid: e0d1fb049f2ee0f40a344edf65b243a6, type: 3}
      propertyPath: m_RootOrder
      value: 17
      objectReference: {fileID: 0}
    - target: {fileID: 2779357271268702139, guid: e0d1fb049f2ee0f40a344edf65b243a6, type: 3}
      propertyPath: m_LocalPosition.x
      value: -0.84
      objectReference: {fileID: 0}
    - target: {fileID: 2779357271268702139, guid: e0d1fb049f2ee0f40a344edf65b243a6, type: 3}
      propertyPath: m_LocalPosition.y
      value: 0.61
      objectReference: {fileID: 0}
    - target: {fileID: 2779357271268702139, guid: e0d1fb049f2ee0f40a344edf65b243a6, type: 3}
      propertyPath: m_LocalPosition.z
      value: -15.38
      objectReference: {fileID: 0}
    - target: {fileID: 2779357271268702139, guid: e0d1fb049f2ee0f40a344edf65b243a6, type: 3}
      propertyPath: m_LocalRotation.w
      value: 1
      objectReference: {fileID: 0}
    - target: {fileID: 2779357271268702139, guid: e0d1fb049f2ee0f40a344edf65b243a6, type: 3}
      propertyPath: m_LocalRotation.x
      value: 0
      objectReference: {fileID: 0}
    - target: {fileID: 2779357271268702139, guid: e0d1fb049f2ee0f40a344edf65b243a6, type: 3}
      propertyPath: m_LocalRotation.y
      value: -0.00003482915
      objectReference: {fileID: 0}
    - target: {fileID: 2779357271268702139, guid: e0d1fb049f2ee0f40a344edf65b243a6, type: 3}
      propertyPath: m_LocalRotation.z
      value: 0
      objectReference: {fileID: 0}
    - target: {fileID: 2779357271268702139, guid: e0d1fb049f2ee0f40a344edf65b243a6, type: 3}
      propertyPath: m_LocalEulerAnglesHint.x
      value: 0
      objectReference: {fileID: 0}
    - target: {fileID: 2779357271268702139, guid: e0d1fb049f2ee0f40a344edf65b243a6, type: 3}
      propertyPath: m_LocalEulerAnglesHint.y
      value: -0.004
      objectReference: {fileID: 0}
    - target: {fileID: 2779357271268702139, guid: e0d1fb049f2ee0f40a344edf65b243a6, type: 3}
      propertyPath: m_LocalEulerAnglesHint.z
      value: 0
      objectReference: {fileID: 0}
    - target: {fileID: 2779357271268702143, guid: e0d1fb049f2ee0f40a344edf65b243a6, type: 3}
      propertyPath: crosshair
      value: 
      objectReference: {fileID: 1956736181}
    m_RemovedComponents: []
  m_SourcePrefab: {fileID: 100100000, guid: e0d1fb049f2ee0f40a344edf65b243a6, type: 3}
--- !u!1 &847778389
GameObject:
  m_ObjectHideFlags: 0
  m_CorrespondingSourceObject: {fileID: 0}
  m_PrefabInstance: {fileID: 0}
  m_PrefabAsset: {fileID: 0}
  serializedVersion: 6
  m_Component:
  - component: {fileID: 847778390}
  m_Layer: 0
  m_Name: pointMovement (4)
  m_TagString: Untagged
  m_Icon: {fileID: 7174288486110832750, guid: 0000000000000000d000000000000000, type: 0}
  m_NavMeshLayer: 0
  m_StaticEditorFlags: 0
  m_IsActive: 1
--- !u!4 &847778390
Transform:
  m_ObjectHideFlags: 0
  m_CorrespondingSourceObject: {fileID: 0}
  m_PrefabInstance: {fileID: 0}
  m_PrefabAsset: {fileID: 0}
  m_GameObject: {fileID: 847778389}
  m_LocalRotation: {x: 0, y: 0, z: 0, w: 1}
  m_LocalPosition: {x: 2.11, y: 0.53, z: 19.08}
  m_LocalScale: {x: 1, y: 1, z: 1}
  m_Children: []
  m_Father: {fileID: 0}
  m_RootOrder: 12
  m_LocalEulerAnglesHint: {x: 0, y: 0, z: 0}
--- !u!1 &861988115 stripped
GameObject:
  m_CorrespondingSourceObject: {fileID: 2451693394870239215, guid: 91a2d7cdb8b910944a9c8ed5f03b85cf, type: 3}
  m_PrefabInstance: {fileID: 8772698502119293013}
  m_PrefabAsset: {fileID: 0}
--- !u!1 &957801679
GameObject:
  m_ObjectHideFlags: 0
  m_CorrespondingSourceObject: {fileID: 0}
  m_PrefabInstance: {fileID: 0}
  m_PrefabAsset: {fileID: 0}
  serializedVersion: 6
  m_Component:
  - component: {fileID: 957801680}
  m_Layer: 0
  m_Name: pointMovement (1)
  m_TagString: Untagged
  m_Icon: {fileID: 7174288486110832750, guid: 0000000000000000d000000000000000, type: 0}
  m_NavMeshLayer: 0
  m_StaticEditorFlags: 0
  m_IsActive: 1
--- !u!4 &957801680
Transform:
  m_ObjectHideFlags: 0
  m_CorrespondingSourceObject: {fileID: 0}
  m_PrefabInstance: {fileID: 0}
  m_PrefabAsset: {fileID: 0}
  m_GameObject: {fileID: 957801679}
  m_LocalRotation: {x: 0, y: 0, z: 0, w: 1}
  m_LocalPosition: {x: 0.04, y: 0.53, z: -12.19}
  m_LocalScale: {x: 1, y: 1, z: 1}
  m_Children: []
  m_Father: {fileID: 0}
  m_RootOrder: 8
  m_LocalEulerAnglesHint: {x: 0, y: 0, z: 0}
--- !u!1001 &989697776
PrefabInstance:
  m_ObjectHideFlags: 0
  serializedVersion: 2
  m_Modification:
    m_TransformParent: {fileID: 0}
    m_Modifications:
    - target: {fileID: 1236695072759092155, guid: 91a2d7cdb8b910944a9c8ed5f03b85cf, type: 3}
      propertyPath: m_RootOrder
      value: 16
      objectReference: {fileID: 0}
    - target: {fileID: 1236695072759092155, guid: 91a2d7cdb8b910944a9c8ed5f03b85cf, type: 3}
      propertyPath: m_LocalPosition.x
      value: 2.037
      objectReference: {fileID: 0}
    - target: {fileID: 1236695072759092155, guid: 91a2d7cdb8b910944a9c8ed5f03b85cf, type: 3}
      propertyPath: m_LocalPosition.y
      value: -1.02
      objectReference: {fileID: 0}
    - target: {fileID: 1236695072759092155, guid: 91a2d7cdb8b910944a9c8ed5f03b85cf, type: 3}
      propertyPath: m_LocalPosition.z
      value: 27.355
      objectReference: {fileID: 0}
    - target: {fileID: 1236695072759092155, guid: 91a2d7cdb8b910944a9c8ed5f03b85cf, type: 3}
      propertyPath: m_LocalRotation.w
      value: 1
      objectReference: {fileID: 0}
    - target: {fileID: 1236695072759092155, guid: 91a2d7cdb8b910944a9c8ed5f03b85cf, type: 3}
      propertyPath: m_LocalRotation.x
      value: 0
      objectReference: {fileID: 0}
    - target: {fileID: 1236695072759092155, guid: 91a2d7cdb8b910944a9c8ed5f03b85cf, type: 3}
      propertyPath: m_LocalRotation.y
      value: 0
      objectReference: {fileID: 0}
    - target: {fileID: 1236695072759092155, guid: 91a2d7cdb8b910944a9c8ed5f03b85cf, type: 3}
      propertyPath: m_LocalRotation.z
      value: 0
      objectReference: {fileID: 0}
    - target: {fileID: 1236695072759092155, guid: 91a2d7cdb8b910944a9c8ed5f03b85cf, type: 3}
      propertyPath: m_LocalEulerAnglesHint.x
      value: 0
      objectReference: {fileID: 0}
    - target: {fileID: 1236695072759092155, guid: 91a2d7cdb8b910944a9c8ed5f03b85cf, type: 3}
      propertyPath: m_LocalEulerAnglesHint.y
      value: 0
      objectReference: {fileID: 0}
    - target: {fileID: 1236695072759092155, guid: 91a2d7cdb8b910944a9c8ed5f03b85cf, type: 3}
      propertyPath: m_LocalEulerAnglesHint.z
      value: 0
      objectReference: {fileID: 0}
    - target: {fileID: 2451693394870239215, guid: 91a2d7cdb8b910944a9c8ed5f03b85cf, type: 3}
      propertyPath: m_Name
      value: Door (3)
      objectReference: {fileID: 0}
    - target: {fileID: 2451693394870239215, guid: 91a2d7cdb8b910944a9c8ed5f03b85cf, type: 3}
      propertyPath: m_IsActive
      value: 1
      objectReference: {fileID: 0}
    - target: {fileID: 4901562051050370488, guid: 91a2d7cdb8b910944a9c8ed5f03b85cf, type: 3}
      propertyPath: m_LocalScale.x
      value: 100
      objectReference: {fileID: 0}
    m_RemovedComponents: []
  m_SourcePrefab: {fileID: 100100000, guid: 91a2d7cdb8b910944a9c8ed5f03b85cf, type: 3}
--- !u!1 &1017104104
GameObject:
  m_ObjectHideFlags: 0
  m_CorrespondingSourceObject: {fileID: 0}
  m_PrefabInstance: {fileID: 0}
  m_PrefabAsset: {fileID: 0}
  serializedVersion: 6
  m_Component:
  - component: {fileID: 1017104105}
  m_Layer: 0
  m_Name: pointMovement
  m_TagString: Untagged
  m_Icon: {fileID: 7174288486110832750, guid: 0000000000000000d000000000000000, type: 0}
  m_NavMeshLayer: 0
  m_StaticEditorFlags: 0
  m_IsActive: 1
--- !u!4 &1017104105
Transform:
  m_ObjectHideFlags: 0
  m_CorrespondingSourceObject: {fileID: 0}
  m_PrefabInstance: {fileID: 0}
  m_PrefabAsset: {fileID: 0}
  m_GameObject: {fileID: 1017104104}
  m_LocalRotation: {x: 0, y: 0, z: 0, w: 1}
  m_LocalPosition: {x: -0.42, y: 0.53, z: -13.88}
  m_LocalScale: {x: 1, y: 1, z: 1}
  m_Children: []
  m_Father: {fileID: 0}
  m_RootOrder: 7
  m_LocalEulerAnglesHint: {x: 0, y: 0, z: 0}
--- !u!1 &1152611529
GameObject:
  m_ObjectHideFlags: 0
  m_CorrespondingSourceObject: {fileID: 0}
  m_PrefabInstance: {fileID: 0}
  m_PrefabAsset: {fileID: 0}
  serializedVersion: 6
  m_Component:
  - component: {fileID: 1152611530}
  m_Layer: 0
  m_Name: spawn (6)
  m_TagString: Untagged
  m_Icon: {fileID: -5397416234189338067, guid: 0000000000000000d000000000000000, type: 0}
  m_NavMeshLayer: 0
  m_StaticEditorFlags: 0
  m_IsActive: 1
--- !u!4 &1152611530
Transform:
  m_ObjectHideFlags: 0
  m_CorrespondingSourceObject: {fileID: 0}
  m_PrefabInstance: {fileID: 0}
  m_PrefabAsset: {fileID: 0}
  m_GameObject: {fileID: 1152611529}
  m_LocalRotation: {x: 0, y: 0, z: 0, w: 1}
  m_LocalPosition: {x: 0.82, y: -0.91, z: 25.43}
  m_LocalScale: {x: 1, y: 1, z: 1}
  m_Children: []
  m_Father: {fileID: 0}
  m_RootOrder: 25
  m_LocalEulerAnglesHint: {x: 0, y: 0, z: 0}
--- !u!1 &1155549868
GameObject:
  m_ObjectHideFlags: 0
  m_CorrespondingSourceObject: {fileID: 0}
  m_PrefabInstance: {fileID: 0}
  m_PrefabAsset: {fileID: 0}
  serializedVersion: 6
  m_Component:
  - component: {fileID: 1155549869}
  m_Layer: 0
  m_Name: pointMovement (3.1)
  m_TagString: Untagged
  m_Icon: {fileID: 7174288486110832750, guid: 0000000000000000d000000000000000, type: 0}
  m_NavMeshLayer: 0
  m_StaticEditorFlags: 0
  m_IsActive: 1
--- !u!4 &1155549869
Transform:
  m_ObjectHideFlags: 0
  m_CorrespondingSourceObject: {fileID: 0}
  m_PrefabInstance: {fileID: 0}
  m_PrefabAsset: {fileID: 0}
  m_GameObject: {fileID: 1155549868}
  m_LocalRotation: {x: 0, y: 0, z: 0, w: 1}
  m_LocalPosition: {x: 2.11, y: 0.53, z: 10.21}
  m_LocalScale: {x: 1, y: 1, z: 1}
  m_Children: []
  m_Father: {fileID: 0}
  m_RootOrder: 11
  m_LocalEulerAnglesHint: {x: 0, y: 0, z: 0}
--- !u!1 &1156109406
GameObject:
  m_ObjectHideFlags: 0
  m_CorrespondingSourceObject: {fileID: 0}
  m_PrefabInstance: {fileID: 0}
  m_PrefabAsset: {fileID: 0}
  serializedVersion: 6
  m_Component:
  - component: {fileID: 1156109407}
  m_Layer: 0
  m_Name: spawn (4)
  m_TagString: Untagged
  m_Icon: {fileID: -5397416234189338067, guid: 0000000000000000d000000000000000, type: 0}
  m_NavMeshLayer: 0
  m_StaticEditorFlags: 0
  m_IsActive: 1
--- !u!4 &1156109407
Transform:
  m_ObjectHideFlags: 0
  m_CorrespondingSourceObject: {fileID: 0}
  m_PrefabInstance: {fileID: 0}
  m_PrefabAsset: {fileID: 0}
  m_GameObject: {fileID: 1156109406}
  m_LocalRotation: {x: 0, y: 0, z: 0, w: 1}
  m_LocalPosition: {x: 2.85, y: -0.91, z: 15.647}
  m_LocalScale: {x: 1, y: 1, z: 1}
  m_Children: []
  m_Father: {fileID: 0}
  m_RootOrder: 23
  m_LocalEulerAnglesHint: {x: 0, y: 0, z: 0}
--- !u!1001 &1163587003
PrefabInstance:
  m_ObjectHideFlags: 0
  serializedVersion: 2
  m_Modification:
    m_TransformParent: {fileID: 0}
    m_Modifications:
    - target: {fileID: 6012990464895566275, guid: c84d71369b69728438a1bcaee06c4e4e, type: 3}
      propertyPath: m_Name
      value: Room0Purple
      objectReference: {fileID: 0}
    - target: {fileID: 7711590395165740841, guid: c84d71369b69728438a1bcaee06c4e4e, type: 3}
      propertyPath: m_RootOrder
      value: 3
      objectReference: {fileID: 0}
    - target: {fileID: 7711590395165740841, guid: c84d71369b69728438a1bcaee06c4e4e, type: 3}
      propertyPath: m_LocalPosition.x
      value: 2.036
      objectReference: {fileID: 0}
    - target: {fileID: 7711590395165740841, guid: c84d71369b69728438a1bcaee06c4e4e, type: 3}
      propertyPath: m_LocalPosition.y
      value: 0
      objectReference: {fileID: 0}
    - target: {fileID: 7711590395165740841, guid: c84d71369b69728438a1bcaee06c4e4e, type: 3}
      propertyPath: m_LocalPosition.z
      value: 22.27
      objectReference: {fileID: 0}
    - target: {fileID: 7711590395165740841, guid: c84d71369b69728438a1bcaee06c4e4e, type: 3}
      propertyPath: m_LocalRotation.w
      value: 0.0000020712612
      objectReference: {fileID: 0}
    - target: {fileID: 7711590395165740841, guid: c84d71369b69728438a1bcaee06c4e4e, type: 3}
      propertyPath: m_LocalRotation.x
      value: -0.0000020787118
      objectReference: {fileID: 0}
    - target: {fileID: 7711590395165740841, guid: c84d71369b69728438a1bcaee06c4e4e, type: 3}
      propertyPath: m_LocalRotation.y
      value: -0.7071067
      objectReference: {fileID: 0}
    - target: {fileID: 7711590395165740841, guid: c84d71369b69728438a1bcaee06c4e4e, type: 3}
      propertyPath: m_LocalRotation.z
      value: -0.7071069
      objectReference: {fileID: 0}
    - target: {fileID: 7711590395165740841, guid: c84d71369b69728438a1bcaee06c4e4e, type: 3}
      propertyPath: m_LocalEulerAnglesHint.x
      value: -90
      objectReference: {fileID: 0}
    - target: {fileID: 7711590395165740841, guid: c84d71369b69728438a1bcaee06c4e4e, type: 3}
      propertyPath: m_LocalEulerAnglesHint.y
      value: 0
      objectReference: {fileID: 0}
    - target: {fileID: 7711590395165740841, guid: c84d71369b69728438a1bcaee06c4e4e, type: 3}
      propertyPath: m_LocalEulerAnglesHint.z
      value: -180
      objectReference: {fileID: 0}
    m_RemovedComponents: []
  m_SourcePrefab: {fileID: 100100000, guid: c84d71369b69728438a1bcaee06c4e4e, type: 3}
--- !u!1001 &1264340700
PrefabInstance:
  m_ObjectHideFlags: 0
  serializedVersion: 2
  m_Modification:
    m_TransformParent: {fileID: 0}
    m_Modifications:
    - target: {fileID: 1136743743080400511, guid: b2c0f4996be0c734785441dec0601140, type: 3}
      propertyPath: m_Name
      value: Room3Purple
      objectReference: {fileID: 0}
    - target: {fileID: 4327487058384609932, guid: b2c0f4996be0c734785441dec0601140, type: 3}
      propertyPath: m_RootOrder
      value: 2
      objectReference: {fileID: 0}
    - target: {fileID: 4327487058384609932, guid: b2c0f4996be0c734785441dec0601140, type: 3}
      propertyPath: m_LocalPosition.x
      value: 2.04
      objectReference: {fileID: 0}
    - target: {fileID: 4327487058384609932, guid: b2c0f4996be0c734785441dec0601140, type: 3}
      propertyPath: m_LocalPosition.y
      value: -0.01
      objectReference: {fileID: 0}
    - target: {fileID: 4327487058384609932, guid: b2c0f4996be0c734785441dec0601140, type: 3}
      propertyPath: m_LocalPosition.z
      value: 12.11734
      objectReference: {fileID: 0}
    - target: {fileID: 4327487058384609932, guid: b2c0f4996be0c734785441dec0601140, type: 3}
      propertyPath: m_LocalRotation.w
      value: 0.7071067
      objectReference: {fileID: 0}
    - target: {fileID: 4327487058384609932, guid: b2c0f4996be0c734785441dec0601140, type: 3}
      propertyPath: m_LocalRotation.x
      value: -0.7071068
      objectReference: {fileID: 0}
    - target: {fileID: 4327487058384609932, guid: b2c0f4996be0c734785441dec0601140, type: 3}
      propertyPath: m_LocalRotation.y
      value: -0
      objectReference: {fileID: 0}
    - target: {fileID: 4327487058384609932, guid: b2c0f4996be0c734785441dec0601140, type: 3}
      propertyPath: m_LocalRotation.z
      value: -0
      objectReference: {fileID: 0}
    - target: {fileID: 4327487058384609932, guid: b2c0f4996be0c734785441dec0601140, type: 3}
      propertyPath: m_LocalEulerAnglesHint.x
      value: 0
      objectReference: {fileID: 0}
    - target: {fileID: 4327487058384609932, guid: b2c0f4996be0c734785441dec0601140, type: 3}
      propertyPath: m_LocalEulerAnglesHint.y
      value: 0
      objectReference: {fileID: 0}
    - target: {fileID: 4327487058384609932, guid: b2c0f4996be0c734785441dec0601140, type: 3}
      propertyPath: m_LocalEulerAnglesHint.z
      value: 0
      objectReference: {fileID: 0}
    m_RemovedComponents: []
  m_SourcePrefab: {fileID: 100100000, guid: b2c0f4996be0c734785441dec0601140, type: 3}
--- !u!1 &1298084925
GameObject:
  m_ObjectHideFlags: 0
  m_CorrespondingSourceObject: {fileID: 0}
  m_PrefabInstance: {fileID: 0}
  m_PrefabAsset: {fileID: 0}
  serializedVersion: 6
  m_Component:
  - component: {fileID: 1298084926}
  m_Layer: 0
  m_Name: spawn (1)
  m_TagString: Untagged
  m_Icon: {fileID: -5397416234189338067, guid: 0000000000000000d000000000000000, type: 0}
  m_NavMeshLayer: 0
  m_StaticEditorFlags: 0
  m_IsActive: 1
--- !u!4 &1298084926
Transform:
  m_ObjectHideFlags: 0
  m_CorrespondingSourceObject: {fileID: 0}
  m_PrefabInstance: {fileID: 0}
  m_PrefabAsset: {fileID: 0}
  m_GameObject: {fileID: 1298084925}
  m_LocalRotation: {x: 0, y: 0, z: 0, w: 1}
  m_LocalPosition: {x: 3.98, y: -0.91, z: 1.55}
  m_LocalScale: {x: 1, y: 1, z: 1}
  m_Children: []
  m_Father: {fileID: 0}
  m_RootOrder: 20
  m_LocalEulerAnglesHint: {x: 0, y: 0, z: 0}
--- !u!1 &1418386364
GameObject:
  m_ObjectHideFlags: 0
  m_CorrespondingSourceObject: {fileID: 0}
  m_PrefabInstance: {fileID: 0}
  m_PrefabAsset: {fileID: 0}
  serializedVersion: 6
  m_Component:
  - component: {fileID: 1418386365}
  m_Layer: 0
  m_Name: pointMovement (2)
  m_TagString: Untagged
  m_Icon: {fileID: 7174288486110832750, guid: 0000000000000000d000000000000000, type: 0}
  m_NavMeshLayer: 0
  m_StaticEditorFlags: 0
  m_IsActive: 1
--- !u!4 &1418386365
Transform:
  m_ObjectHideFlags: 0
  m_CorrespondingSourceObject: {fileID: 0}
  m_PrefabInstance: {fileID: 0}
  m_PrefabAsset: {fileID: 0}
  m_GameObject: {fileID: 1418386364}
  m_LocalRotation: {x: 0, y: 0, z: 0, w: 1}
  m_LocalPosition: {x: 4.05, y: 0.53, z: -5.06}
  m_LocalScale: {x: 1, y: 1, z: 1}
  m_Children: []
  m_Father: {fileID: 0}
  m_RootOrder: 9
  m_LocalEulerAnglesHint: {x: 0, y: 0, z: 0}
--- !u!1001 &1445974795
PrefabInstance:
  m_ObjectHideFlags: 0
  serializedVersion: 2
  m_Modification:
    m_TransformParent: {fileID: 0}
    m_Modifications:
    - target: {fileID: 6207517986789248488, guid: f148181eafbe9d44daacd9c70755eae0, type: 3}
      propertyPath: moveDelay
      value: 0.25
      objectReference: {fileID: 0}
    - target: {fileID: 6207517986789248488, guid: f148181eafbe9d44daacd9c70755eae0, type: 3}
      propertyPath: rooms.Array.size
      value: 4
      objectReference: {fileID: 0}
    - target: {fileID: 6207517986789248488, guid: f148181eafbe9d44daacd9c70755eae0, type: 3}
      propertyPath: rooms.Array.data[0].doors.Array.size
      value: 0
      objectReference: {fileID: 0}
    - target: {fileID: 6207517986789248488, guid: f148181eafbe9d44daacd9c70755eae0, type: 3}
      propertyPath: rooms.Array.data[1].doors.Array.size
      value: 1
      objectReference: {fileID: 0}
    - target: {fileID: 6207517986789248488, guid: f148181eafbe9d44daacd9c70755eae0, type: 3}
      propertyPath: rooms.Array.data[2].doors.Array.size
      value: 1
      objectReference: {fileID: 0}
    - target: {fileID: 6207517986789248488, guid: f148181eafbe9d44daacd9c70755eae0, type: 3}
      propertyPath: rooms.Array.data[3].doors.Array.size
      value: 1
      objectReference: {fileID: 0}
    - target: {fileID: 6207517986789248488, guid: f148181eafbe9d44daacd9c70755eae0, type: 3}
      propertyPath: rooms.Array.data[0].ghosts.Array.size
      value: 0
      objectReference: {fileID: 0}
    - target: {fileID: 6207517986789248488, guid: f148181eafbe9d44daacd9c70755eae0, type: 3}
      propertyPath: rooms.Array.data[0].points.Array.size
      value: 2
      objectReference: {fileID: 0}
    - target: {fileID: 6207517986789248488, guid: f148181eafbe9d44daacd9c70755eae0, type: 3}
      propertyPath: rooms.Array.data[1].points.Array.size
      value: 1
      objectReference: {fileID: 0}
    - target: {fileID: 6207517986789248488, guid: f148181eafbe9d44daacd9c70755eae0, type: 3}
      propertyPath: rooms.Array.data[2].points.Array.size
      value: 2
      objectReference: {fileID: 0}
    - target: {fileID: 6207517986789248488, guid: f148181eafbe9d44daacd9c70755eae0, type: 3}
      propertyPath: rooms.Array.data[3].points.Array.size
      value: 1
      objectReference: {fileID: 0}
    - target: {fileID: 6207517986789248488, guid: f148181eafbe9d44daacd9c70755eae0, type: 3}
      propertyPath: rooms.Array.data[1].doors.Array.data[0]
      value: 
      objectReference: {fileID: 861988115}
    - target: {fileID: 6207517986789248488, guid: f148181eafbe9d44daacd9c70755eae0, type: 3}
      propertyPath: rooms.Array.data[2].doors.Array.data[0]
      value: 
      objectReference: {fileID: 155235227}
    - target: {fileID: 6207517986789248488, guid: f148181eafbe9d44daacd9c70755eae0, type: 3}
      propertyPath: rooms.Array.data[3].doors.Array.data[0]
      value: 
      objectReference: {fileID: 454199477}
    - target: {fileID: 6207517986789248488, guid: f148181eafbe9d44daacd9c70755eae0, type: 3}
      propertyPath: rooms.Array.data[0].points.Array.data[0]
      value: 
      objectReference: {fileID: 1017104105}
    - target: {fileID: 6207517986789248488, guid: f148181eafbe9d44daacd9c70755eae0, type: 3}
      propertyPath: rooms.Array.data[0].points.Array.data[1]
      value: 
      objectReference: {fileID: 957801680}
    - target: {fileID: 6207517986789248488, guid: f148181eafbe9d44daacd9c70755eae0, type: 3}
      propertyPath: rooms.Array.data[1].points.Array.data[0]
      value: 
      objectReference: {fileID: 1418386365}
    - target: {fileID: 6207517986789248488, guid: f148181eafbe9d44daacd9c70755eae0, type: 3}
      propertyPath: rooms.Array.data[2].points.Array.data[0]
      value: 
      objectReference: {fileID: 723418251}
    - target: {fileID: 6207517986789248488, guid: f148181eafbe9d44daacd9c70755eae0, type: 3}
      propertyPath: rooms.Array.data[2].points.Array.data[1]
      value: 
      objectReference: {fileID: 1155549869}
    - target: {fileID: 6207517986789248488, guid: f148181eafbe9d44daacd9c70755eae0, type: 3}
      propertyPath: rooms.Array.data[3].points.Array.data[0]
      value: 
      objectReference: {fileID: 847778390}
    - target: {fileID: 6207517986789248488, guid: f148181eafbe9d44daacd9c70755eae0, type: 3}
      propertyPath: rooms.Array.data[0].spawnPoints.Array.size
      value: 1
      objectReference: {fileID: 0}
    - target: {fileID: 6207517986789248488, guid: f148181eafbe9d44daacd9c70755eae0, type: 3}
      propertyPath: rooms.Array.data[1].spawnPoints.Array.size
      value: 2
      objectReference: {fileID: 0}
    - target: {fileID: 6207517986789248488, guid: f148181eafbe9d44daacd9c70755eae0, type: 3}
      propertyPath: rooms.Array.data[2].spawnPoints.Array.size
      value: 2
      objectReference: {fileID: 0}
    - target: {fileID: 6207517986789248488, guid: f148181eafbe9d44daacd9c70755eae0, type: 3}
      propertyPath: rooms.Array.data[3].spawnPoints.Array.size
      value: 2
      objectReference: {fileID: 0}
    - target: {fileID: 6207517986789248488, guid: f148181eafbe9d44daacd9c70755eae0, type: 3}
      propertyPath: rooms.Array.data[0].spawnPoints.Array.data[0]
      value: 
      objectReference: {fileID: 205261815}
    - target: {fileID: 6207517986789248488, guid: f148181eafbe9d44daacd9c70755eae0, type: 3}
      propertyPath: rooms.Array.data[1].spawnPoints.Array.data[0]
      value: 
      objectReference: {fileID: 1298084926}
    - target: {fileID: 6207517986789248488, guid: f148181eafbe9d44daacd9c70755eae0, type: 3}
      propertyPath: rooms.Array.data[1].spawnPoints.Array.data[1]
      value: 
      objectReference: {fileID: 469483806}
    - target: {fileID: 6207517986789248488, guid: f148181eafbe9d44daacd9c70755eae0, type: 3}
      propertyPath: rooms.Array.data[2].spawnPoints.Array.data[0]
      value: 
      objectReference: {fileID: 359365798}
    - target: {fileID: 6207517986789248488, guid: f148181eafbe9d44daacd9c70755eae0, type: 3}
      propertyPath: rooms.Array.data[2].spawnPoints.Array.data[1]
      value: 
      objectReference: {fileID: 1156109407}
    - target: {fileID: 6207517986789248488, guid: f148181eafbe9d44daacd9c70755eae0, type: 3}
      propertyPath: rooms.Array.data[3].spawnPoints.Array.data[0]
      value: 
      objectReference: {fileID: 22657232}
    - target: {fileID: 6207517986789248488, guid: f148181eafbe9d44daacd9c70755eae0, type: 3}
      propertyPath: rooms.Array.data[3].spawnPoints.Array.data[1]
      value: 
      objectReference: {fileID: 1152611530}
    - target: {fileID: 6207517986789248489, guid: f148181eafbe9d44daacd9c70755eae0, type: 3}
      propertyPath: m_Icon
      value: 
      objectReference: {fileID: 0}
    - target: {fileID: 6207517986789248489, guid: f148181eafbe9d44daacd9c70755eae0, type: 3}
      propertyPath: m_Name
      value: MAIN
      objectReference: {fileID: 0}
    - target: {fileID: 6207517986789248491, guid: f148181eafbe9d44daacd9c70755eae0, type: 3}
      propertyPath: m_RootOrder
      value: 18
      objectReference: {fileID: 0}
    - target: {fileID: 6207517986789248491, guid: f148181eafbe9d44daacd9c70755eae0, type: 3}
      propertyPath: m_LocalPosition.x
      value: -0.010000229
      objectReference: {fileID: 0}
    - target: {fileID: 6207517986789248491, guid: f148181eafbe9d44daacd9c70755eae0, type: 3}
      propertyPath: m_LocalPosition.y
      value: 0.61000013
      objectReference: {fileID: 0}
    - target: {fileID: 6207517986789248491, guid: f148181eafbe9d44daacd9c70755eae0, type: 3}
      propertyPath: m_LocalPosition.z
      value: -11.51
      objectReference: {fileID: 0}
    - target: {fileID: 6207517986789248491, guid: f148181eafbe9d44daacd9c70755eae0, type: 3}
      propertyPath: m_LocalRotation.w
      value: 1
      objectReference: {fileID: 0}
    - target: {fileID: 6207517986789248491, guid: f148181eafbe9d44daacd9c70755eae0, type: 3}
      propertyPath: m_LocalRotation.x
      value: 0
      objectReference: {fileID: 0}
    - target: {fileID: 6207517986789248491, guid: f148181eafbe9d44daacd9c70755eae0, type: 3}
      propertyPath: m_LocalRotation.y
      value: 0
      objectReference: {fileID: 0}
    - target: {fileID: 6207517986789248491, guid: f148181eafbe9d44daacd9c70755eae0, type: 3}
      propertyPath: m_LocalRotation.z
      value: 0
      objectReference: {fileID: 0}
    - target: {fileID: 6207517986789248491, guid: f148181eafbe9d44daacd9c70755eae0, type: 3}
      propertyPath: m_LocalEulerAnglesHint.x
      value: 0
      objectReference: {fileID: 0}
    - target: {fileID: 6207517986789248491, guid: f148181eafbe9d44daacd9c70755eae0, type: 3}
      propertyPath: m_LocalEulerAnglesHint.y
      value: 0
      objectReference: {fileID: 0}
    - target: {fileID: 6207517986789248491, guid: f148181eafbe9d44daacd9c70755eae0, type: 3}
      propertyPath: m_LocalEulerAnglesHint.z
      value: 0
      objectReference: {fileID: 0}
    m_RemovedComponents: []
  m_SourcePrefab: {fileID: 100100000, guid: f148181eafbe9d44daacd9c70755eae0, type: 3}
--- !u!224 &1956736181 stripped
RectTransform:
  m_CorrespondingSourceObject: {fileID: 3475561803724161354, guid: 82e70ace9eef3b94ea58c487e13b9a6f, type: 3}
  m_PrefabInstance: {fileID: 3475561802975440383}
  m_PrefabAsset: {fileID: 0}
--- !u!1001 &3475561802975440383
PrefabInstance:
  m_ObjectHideFlags: 0
  serializedVersion: 2
  m_Modification:
    m_TransformParent: {fileID: 0}
    m_Modifications:
    - target: {fileID: 3475561802538090867, guid: 82e70ace9eef3b94ea58c487e13b9a6f, type: 3}
      propertyPath: m_Pivot.x
      value: 0
      objectReference: {fileID: 0}
    - target: {fileID: 3475561802538090867, guid: 82e70ace9eef3b94ea58c487e13b9a6f, type: 3}
      propertyPath: m_Pivot.y
      value: 0
      objectReference: {fileID: 0}
    - target: {fileID: 3475561802538090867, guid: 82e70ace9eef3b94ea58c487e13b9a6f, type: 3}
      propertyPath: m_RootOrder
      value: 5
      objectReference: {fileID: 0}
    - target: {fileID: 3475561802538090867, guid: 82e70ace9eef3b94ea58c487e13b9a6f, type: 3}
      propertyPath: m_AnchorMax.x
      value: 0
      objectReference: {fileID: 0}
    - target: {fileID: 3475561802538090867, guid: 82e70ace9eef3b94ea58c487e13b9a6f, type: 3}
      propertyPath: m_AnchorMax.y
      value: 0
      objectReference: {fileID: 0}
    - target: {fileID: 3475561802538090867, guid: 82e70ace9eef3b94ea58c487e13b9a6f, type: 3}
      propertyPath: m_AnchorMin.x
      value: 0
      objectReference: {fileID: 0}
    - target: {fileID: 3475561802538090867, guid: 82e70ace9eef3b94ea58c487e13b9a6f, type: 3}
      propertyPath: m_AnchorMin.y
      value: 0
      objectReference: {fileID: 0}
    - target: {fileID: 3475561802538090867, guid: 82e70ace9eef3b94ea58c487e13b9a6f, type: 3}
      propertyPath: m_SizeDelta.x
      value: 0
      objectReference: {fileID: 0}
    - target: {fileID: 3475561802538090867, guid: 82e70ace9eef3b94ea58c487e13b9a6f, type: 3}
      propertyPath: m_SizeDelta.y
      value: 0
      objectReference: {fileID: 0}
    - target: {fileID: 3475561802538090867, guid: 82e70ace9eef3b94ea58c487e13b9a6f, type: 3}
      propertyPath: m_LocalPosition.x
      value: 0
      objectReference: {fileID: 0}
    - target: {fileID: 3475561802538090867, guid: 82e70ace9eef3b94ea58c487e13b9a6f, type: 3}
      propertyPath: m_LocalPosition.y
      value: 0
      objectReference: {fileID: 0}
    - target: {fileID: 3475561802538090867, guid: 82e70ace9eef3b94ea58c487e13b9a6f, type: 3}
      propertyPath: m_LocalPosition.z
      value: 0
      objectReference: {fileID: 0}
    - target: {fileID: 3475561802538090867, guid: 82e70ace9eef3b94ea58c487e13b9a6f, type: 3}
      propertyPath: m_LocalRotation.w
      value: 1
      objectReference: {fileID: 0}
    - target: {fileID: 3475561802538090867, guid: 82e70ace9eef3b94ea58c487e13b9a6f, type: 3}
      propertyPath: m_LocalRotation.x
      value: 0
      objectReference: {fileID: 0}
    - target: {fileID: 3475561802538090867, guid: 82e70ace9eef3b94ea58c487e13b9a6f, type: 3}
      propertyPath: m_LocalRotation.y
      value: 0
      objectReference: {fileID: 0}
    - target: {fileID: 3475561802538090867, guid: 82e70ace9eef3b94ea58c487e13b9a6f, type: 3}
      propertyPath: m_LocalRotation.z
      value: 0
      objectReference: {fileID: 0}
    - target: {fileID: 3475561802538090867, guid: 82e70ace9eef3b94ea58c487e13b9a6f, type: 3}
      propertyPath: m_AnchoredPosition.x
      value: 0
      objectReference: {fileID: 0}
    - target: {fileID: 3475561802538090867, guid: 82e70ace9eef3b94ea58c487e13b9a6f, type: 3}
      propertyPath: m_AnchoredPosition.y
      value: 0
      objectReference: {fileID: 0}
    - target: {fileID: 3475561802538090867, guid: 82e70ace9eef3b94ea58c487e13b9a6f, type: 3}
      propertyPath: m_LocalEulerAnglesHint.x
      value: 0
      objectReference: {fileID: 0}
    - target: {fileID: 3475561802538090867, guid: 82e70ace9eef3b94ea58c487e13b9a6f, type: 3}
      propertyPath: m_LocalEulerAnglesHint.y
      value: 0
      objectReference: {fileID: 0}
    - target: {fileID: 3475561802538090867, guid: 82e70ace9eef3b94ea58c487e13b9a6f, type: 3}
      propertyPath: m_LocalEulerAnglesHint.z
      value: 0
      objectReference: {fileID: 0}
    - target: {fileID: 3475561802538090871, guid: 82e70ace9eef3b94ea58c487e13b9a6f, type: 3}
      propertyPath: m_Name
      value: Canvas
      objectReference: {fileID: 0}
    m_RemovedComponents: []
  m_SourcePrefab: {fileID: 100100000, guid: 82e70ace9eef3b94ea58c487e13b9a6f, type: 3}
--- !u!1001 &8772698502119293013
PrefabInstance:
  m_ObjectHideFlags: 0
  serializedVersion: 2
  m_Modification:
    m_TransformParent: {fileID: 0}
    m_Modifications:
    - target: {fileID: 1236695072759092155, guid: 91a2d7cdb8b910944a9c8ed5f03b85cf, type: 3}
      propertyPath: m_RootOrder
      value: 13
      objectReference: {fileID: 0}
    - target: {fileID: 1236695072759092155, guid: 91a2d7cdb8b910944a9c8ed5f03b85cf, type: 3}
      propertyPath: m_LocalPosition.x
      value: 4.036
      objectReference: {fileID: 0}
    - target: {fileID: 1236695072759092155, guid: 91a2d7cdb8b910944a9c8ed5f03b85cf, type: 3}
      propertyPath: m_LocalPosition.y
      value: -1.02
      objectReference: {fileID: 0}
    - target: {fileID: 1236695072759092155, guid: 91a2d7cdb8b910944a9c8ed5f03b85cf, type: 3}
      propertyPath: m_LocalPosition.z
      value: -6.21
      objectReference: {fileID: 0}
    - target: {fileID: 1236695072759092155, guid: 91a2d7cdb8b910944a9c8ed5f03b85cf, type: 3}
      propertyPath: m_LocalRotation.w
      value: 1
      objectReference: {fileID: 0}
    - target: {fileID: 1236695072759092155, guid: 91a2d7cdb8b910944a9c8ed5f03b85cf, type: 3}
      propertyPath: m_LocalRotation.x
      value: 0
      objectReference: {fileID: 0}
    - target: {fileID: 1236695072759092155, guid: 91a2d7cdb8b910944a9c8ed5f03b85cf, type: 3}
      propertyPath: m_LocalRotation.y
      value: 0
      objectReference: {fileID: 0}
    - target: {fileID: 1236695072759092155, guid: 91a2d7cdb8b910944a9c8ed5f03b85cf, type: 3}
      propertyPath: m_LocalRotation.z
      value: 0
      objectReference: {fileID: 0}
    - target: {fileID: 1236695072759092155, guid: 91a2d7cdb8b910944a9c8ed5f03b85cf, type: 3}
      propertyPath: m_LocalEulerAnglesHint.x
      value: 0
      objectReference: {fileID: 0}
    - target: {fileID: 1236695072759092155, guid: 91a2d7cdb8b910944a9c8ed5f03b85cf, type: 3}
      propertyPath: m_LocalEulerAnglesHint.y
      value: 0
      objectReference: {fileID: 0}
    - target: {fileID: 1236695072759092155, guid: 91a2d7cdb8b910944a9c8ed5f03b85cf, type: 3}
      propertyPath: m_LocalEulerAnglesHint.z
      value: 0
      objectReference: {fileID: 0}
    - target: {fileID: 2451693394870239215, guid: 91a2d7cdb8b910944a9c8ed5f03b85cf, type: 3}
      propertyPath: m_Name
      value: Door
      objectReference: {fileID: 0}
    - target: {fileID: 2451693394870239215, guid: 91a2d7cdb8b910944a9c8ed5f03b85cf, type: 3}
      propertyPath: m_IsActive
      value: 1
      objectReference: {fileID: 0}
    m_RemovedComponents: []
  m_SourcePrefab: {fileID: 100100000, guid: 91a2d7cdb8b910944a9c8ed5f03b85cf, type: 3}
