%YAML 1.1
%TAG !u! tag:unity3d.com,2011:
--- !u!29 &1
OcclusionCullingSettings:
  m_ObjectHideFlags: 0
  serializedVersion: 2
  m_OcclusionBakeSettings:
    smallestOccluder: 5
    smallestHole: 0.25
    backfaceThreshold: 100
  m_SceneGUID: 00000000000000000000000000000000
  m_OcclusionCullingData: {fileID: 0}
--- !u!104 &2
RenderSettings:
  m_ObjectHideFlags: 0
  serializedVersion: 9
  m_Fog: 1
  m_FogColor: {r: 0, g: 0.80392164, b: 1, a: 1}
  m_FogMode: 1
  m_FogDensity: 0.01
  m_LinearFogStart: 53
  m_LinearFogEnd: 86.2
  m_AmbientSkyColor: {r: 0.212, g: 0.227, b: 0.259, a: 1}
  m_AmbientEquatorColor: {r: 0.114, g: 0.125, b: 0.133, a: 1}
  m_AmbientGroundColor: {r: 0.047, g: 0.043, b: 0.035, a: 1}
  m_AmbientIntensity: 1
  m_AmbientMode: 0
  m_SubtractiveShadowColor: {r: 0.42, g: 0.478, b: 0.627, a: 1}
  m_SkyboxMaterial: {fileID: 2100000, guid: 6fc9b0516ebf51b4686f3af03f639596, type: 2}
  m_HaloStrength: 0.5
  m_FlareStrength: 1
  m_FlareFadeSpeed: 3
  m_HaloTexture: {fileID: 0}
  m_SpotCookie: {fileID: 10001, guid: 0000000000000000e000000000000000, type: 0}
  m_DefaultReflectionMode: 0
  m_DefaultReflectionResolution: 128
  m_ReflectionBounces: 1
  m_ReflectionIntensity: 1
  m_CustomReflection: {fileID: 0}
  m_Sun: {fileID: 0}
  m_IndirectSpecularColor: {r: 0.3825922, g: 0.6134317, b: 0.94958293, a: 1}
  m_UseRadianceAmbientProbe: 0
--- !u!157 &3
LightmapSettings:
  m_ObjectHideFlags: 0
  serializedVersion: 12
  m_GIWorkflowMode: 1
  m_GISettings:
    serializedVersion: 2
    m_BounceScale: 1
    m_IndirectOutputScale: 1
    m_AlbedoBoost: 1
    m_EnvironmentLightingMode: 0
    m_EnableBakedLightmaps: 1
    m_EnableRealtimeLightmaps: 0
  m_LightmapEditorSettings:
    serializedVersion: 12
    m_Resolution: 2
    m_BakeResolution: 40
    m_AtlasSize: 1024
    m_AO: 0
    m_AOMaxDistance: 1
    m_CompAOExponent: 1
    m_CompAOExponentDirect: 0
    m_ExtractAmbientOcclusion: 0
    m_Padding: 2
    m_LightmapParameters: {fileID: 0}
    m_LightmapsBakeMode: 1
    m_TextureCompression: 1
    m_FinalGather: 0
    m_FinalGatherFiltering: 1
    m_FinalGatherRayCount: 256
    m_ReflectionCompression: 2
    m_MixedBakeMode: 2
    m_BakeBackend: 1
    m_PVRSampling: 1
    m_PVRDirectSampleCount: 32
    m_PVRSampleCount: 512
    m_PVRBounces: 2
    m_PVREnvironmentSampleCount: 256
    m_PVREnvironmentReferencePointCount: 2048
    m_PVRFilteringMode: 1
    m_PVRDenoiserTypeDirect: 1
    m_PVRDenoiserTypeIndirect: 1
    m_PVRDenoiserTypeAO: 1
    m_PVRFilterTypeDirect: 0
    m_PVRFilterTypeIndirect: 0
    m_PVRFilterTypeAO: 0
    m_PVREnvironmentMIS: 1
    m_PVRCulling: 1
    m_PVRFilteringGaussRadiusDirect: 1
    m_PVRFilteringGaussRadiusIndirect: 5
    m_PVRFilteringGaussRadiusAO: 2
    m_PVRFilteringAtrousPositionSigmaDirect: 0.5
    m_PVRFilteringAtrousPositionSigmaIndirect: 2
    m_PVRFilteringAtrousPositionSigmaAO: 1
    m_ExportTrainingData: 0
    m_TrainingDataDestination: TrainingData
    m_LightProbeSampleCountMultiplier: 4
  m_LightingDataAsset: {fileID: 0}
  m_LightingSettings: {fileID: 0}
--- !u!196 &4
NavMeshSettings:
  serializedVersion: 2
  m_ObjectHideFlags: 0
  m_BuildSettings:
    serializedVersion: 2
    agentTypeID: 0
    agentRadius: 0.5
    agentHeight: 2
    agentSlope: 45
    agentClimb: 0.4
    ledgeDropHeight: 0
    maxJumpAcrossDistance: 0
    minRegionArea: 2
    manualCellSize: 0
    cellSize: 0.16666667
    manualTileSize: 0
    tileSize: 256
    accuratePlacement: 0
    maxJobWorkers: 0
    preserveTilesOutsideBounds: 0
    debug:
      m_Flags: 0
  m_NavMeshData: {fileID: 0}
--- !u!1 &61884042
GameObject:
  m_ObjectHideFlags: 0
  m_CorrespondingSourceObject: {fileID: 0}
  m_PrefabInstance: {fileID: 0}
  m_PrefabAsset: {fileID: 0}
  serializedVersion: 6
  m_Component:
  - component: {fileID: 61884044}
  - component: {fileID: 61884043}
  m_Layer: 0
  m_Name: Point Light
  m_TagString: Untagged
  m_Icon: {fileID: 0}
  m_NavMeshLayer: 0
  m_StaticEditorFlags: 0
  m_IsActive: 0
--- !u!108 &61884043
Light:
  m_ObjectHideFlags: 0
  m_CorrespondingSourceObject: {fileID: 0}
  m_PrefabInstance: {fileID: 0}
  m_PrefabAsset: {fileID: 0}
  m_GameObject: {fileID: 61884042}
  m_Enabled: 1
  serializedVersion: 10
  m_Type: 2
  m_Shape: 0
  m_Color: {r: 1, g: 0.83687216, b: 0.5896226, a: 1}
  m_Intensity: 772
  m_Range: 141.2
  m_SpotAngle: 179
  m_InnerSpotAngle: 0
  m_CookieSize: 10
  m_Shadows:
    m_Type: 0
    m_Resolution: -1
    m_CustomResolution: -1
    m_Strength: 1
    m_Bias: 0.05
    m_NormalBias: 0.4
    m_NearPlane: 0.2
    m_CullingMatrixOverride:
      e00: 1
      e01: 0
      e02: 0
      e03: 0
      e10: 0
      e11: 1
      e12: 0
      e13: 0
      e20: 0
      e21: 0
      e22: 1
      e23: 0
      e30: 0
      e31: 0
      e32: 0
      e33: 1
    m_UseCullingMatrixOverride: 0
  m_Cookie: {fileID: 0}
  m_DrawHalo: 0
  m_Flare: {fileID: 0}
  m_RenderMode: 0
  m_CullingMask:
    serializedVersion: 2
    m_Bits: 4294967295
  m_RenderingLayerMask: 1
  m_Lightmapping: 4
  m_LightShadowCasterMode: 0
  m_AreaSize: {x: 1, y: 1}
  m_BounceIntensity: 0
  m_ColorTemperature: 6570
  m_UseColorTemperature: 0
  m_BoundingSphereOverride: {x: 0, y: 0, z: 0, w: 0}
  m_UseBoundingSphereOverride: 0
  m_UseViewFrustumForShadowCasterCull: 1
  m_ShadowRadius: 0
  m_ShadowAngle: 0
--- !u!4 &61884044
Transform:
  m_ObjectHideFlags: 0
  m_CorrespondingSourceObject: {fileID: 0}
  m_PrefabInstance: {fileID: 0}
  m_PrefabAsset: {fileID: 0}
  m_GameObject: {fileID: 61884042}
  m_LocalRotation: {x: -0.2673084, y: 0.07653959, z: 0.021304822, w: 0.9603302}
  m_LocalPosition: {x: -2, y: 5.9, z: -104.77}
  m_LocalScale: {x: 1, y: 1, z: 1}
  m_Children: []
  m_Father: {fileID: 0}
  m_RootOrder: 10
  m_LocalEulerAnglesHint: {x: -31.109, y: 9.114, z: 0}
--- !u!4 &148479751 stripped
Transform:
  m_CorrespondingSourceObject: {fileID: 844443275827071336, guid: 8d5d6b00b5aa98b4f9d6b499d2a1f708, type: 3}
  m_PrefabInstance: {fileID: 985466889}
  m_PrefabAsset: {fileID: 0}
--- !u!1 &297084773
GameObject:
  m_ObjectHideFlags: 0
  m_CorrespondingSourceObject: {fileID: 0}
  m_PrefabInstance: {fileID: 0}
  m_PrefabAsset: {fileID: 0}
  serializedVersion: 6
  m_Component:
  - component: {fileID: 297084775}
  - component: {fileID: 297084774}
  m_Layer: 0
  m_Name: Point Light (1)
  m_TagString: Untagged
  m_Icon: {fileID: 0}
  m_NavMeshLayer: 0
  m_StaticEditorFlags: 0
  m_IsActive: 1
--- !u!108 &297084774
Light:
  m_ObjectHideFlags: 0
  m_CorrespondingSourceObject: {fileID: 0}
  m_PrefabInstance: {fileID: 0}
  m_PrefabAsset: {fileID: 0}
  m_GameObject: {fileID: 297084773}
  m_Enabled: 1
  serializedVersion: 10
  m_Type: 2
  m_Shape: 0
  m_Color: {r: 1, g: 0.8683277, b: 0.6650944, a: 1}
  m_Intensity: 4.45
  m_Range: 10
  m_SpotAngle: 30
  m_InnerSpotAngle: 21.80208
  m_CookieSize: 10
  m_Shadows:
    m_Type: 0
    m_Resolution: -1
    m_CustomResolution: -1
    m_Strength: 1
    m_Bias: 0.05
    m_NormalBias: 0.4
    m_NearPlane: 0.2
    m_CullingMatrixOverride:
      e00: 1
      e01: 0
      e02: 0
      e03: 0
      e10: 0
      e11: 1
      e12: 0
      e13: 0
      e20: 0
      e21: 0
      e22: 1
      e23: 0
      e30: 0
      e31: 0
      e32: 0
      e33: 1
    m_UseCullingMatrixOverride: 0
  m_Cookie: {fileID: 0}
  m_DrawHalo: 0
  m_Flare: {fileID: 0}
  m_RenderMode: 0
  m_CullingMask:
    serializedVersion: 2
    m_Bits: 4294967295
  m_RenderingLayerMask: 1
  m_Lightmapping: 4
  m_LightShadowCasterMode: 0
  m_AreaSize: {x: 1, y: 1}
  m_BounceIntensity: 1
  m_ColorTemperature: 6570
  m_UseColorTemperature: 0
  m_BoundingSphereOverride: {x: 0, y: 0, z: 0, w: 0}
  m_UseBoundingSphereOverride: 0
  m_UseViewFrustumForShadowCasterCull: 1
  m_ShadowRadius: 0
  m_ShadowAngle: 0
--- !u!4 &297084775
Transform:
  m_ObjectHideFlags: 0
  m_CorrespondingSourceObject: {fileID: 0}
  m_PrefabInstance: {fileID: 0}
  m_PrefabAsset: {fileID: 0}
  m_GameObject: {fileID: 297084773}
  m_LocalRotation: {x: 0, y: 0, z: 0, w: 1}
  m_LocalPosition: {x: -2.89, y: 1.35, z: -117.17}
  m_LocalScale: {x: 1, y: 1, z: 1}
  m_Children: []
  m_Father: {fileID: 0}
  m_RootOrder: 9
  m_LocalEulerAnglesHint: {x: 0, y: 0, z: 0}
--- !u!1 &527599398 stripped
GameObject:
  m_CorrespondingSourceObject: {fileID: 70124972253202161, guid: 01607421d029fc447ae52b83347eb371, type: 3}
  m_PrefabInstance: {fileID: 70124972344590807}
  m_PrefabAsset: {fileID: 0}
--- !u!4 &527599399 stripped
Transform:
  m_CorrespondingSourceObject: {fileID: 70124972253202160, guid: 01607421d029fc447ae52b83347eb371, type: 3}
  m_PrefabInstance: {fileID: 70124972344590807}
  m_PrefabAsset: {fileID: 0}
--- !u!1 &716909233
GameObject:
  m_ObjectHideFlags: 0
  m_CorrespondingSourceObject: {fileID: 0}
  m_PrefabInstance: {fileID: 0}
  m_PrefabAsset: {fileID: 0}
  serializedVersion: 6
  m_Component:
  - component: {fileID: 716909236}
  - component: {fileID: 716909235}
  - component: {fileID: 716909234}
  m_Layer: 0
  m_Name: EventSystem
  m_TagString: Untagged
  m_Icon: {fileID: 0}
  m_NavMeshLayer: 0
  m_StaticEditorFlags: 0
  m_IsActive: 1
--- !u!114 &716909234
MonoBehaviour:
  m_ObjectHideFlags: 0
  m_CorrespondingSourceObject: {fileID: 0}
  m_PrefabInstance: {fileID: 0}
  m_PrefabAsset: {fileID: 0}
  m_GameObject: {fileID: 716909233}
  m_Enabled: 1
  m_EditorHideFlags: 0
  m_Script: {fileID: 11500000, guid: 4f231c4fb786f3946a6b90b886c48677, type: 3}
  m_Name: 
  m_EditorClassIdentifier: 
  m_HorizontalAxis: Horizontal
  m_VerticalAxis: Vertical
  m_SubmitButton: Submit
  m_CancelButton: Cancel
  m_InputActionsPerSecond: 10
  m_RepeatDelay: 0.5
  m_ForceModuleActive: 0
--- !u!114 &716909235
MonoBehaviour:
  m_ObjectHideFlags: 0
  m_CorrespondingSourceObject: {fileID: 0}
  m_PrefabInstance: {fileID: 0}
  m_PrefabAsset: {fileID: 0}
  m_GameObject: {fileID: 716909233}
  m_Enabled: 1
  m_EditorHideFlags: 0
  m_Script: {fileID: 11500000, guid: 76c392e42b5098c458856cdf6ecaaaa1, type: 3}
  m_Name: 
  m_EditorClassIdentifier: 
  m_FirstSelected: {fileID: 0}
  m_sendNavigationEvents: 1
  m_DragThreshold: 10
--- !u!4 &716909236
Transform:
  m_ObjectHideFlags: 0
  m_CorrespondingSourceObject: {fileID: 0}
  m_PrefabInstance: {fileID: 0}
  m_PrefabAsset: {fileID: 0}
  m_GameObject: {fileID: 716909233}
  m_LocalRotation: {x: 0, y: 0, z: 0, w: 1}
  m_LocalPosition: {x: 0, y: 0, z: 0}
  m_LocalScale: {x: 1, y: 1, z: 1}
  m_Children: []
  m_Father: {fileID: 0}
  m_RootOrder: 6
  m_LocalEulerAnglesHint: {x: 0, y: 0, z: 0}
--- !u!1 &890337183
GameObject:
  m_ObjectHideFlags: 0
  m_CorrespondingSourceObject: {fileID: 0}
  m_PrefabInstance: {fileID: 0}
  m_PrefabAsset: {fileID: 0}
  serializedVersion: 6
  m_Component:
  - component: {fileID: 890337185}
  - component: {fileID: 890337184}
  m_Layer: 0
  m_Name: rootRoad
  m_TagString: Untagged
  m_Icon: {fileID: 0}
  m_NavMeshLayer: 0
  m_StaticEditorFlags: 0
  m_IsActive: 1
--- !u!114 &890337184
MonoBehaviour:
  m_ObjectHideFlags: 0
  m_CorrespondingSourceObject: {fileID: 0}
  m_PrefabInstance: {fileID: 0}
  m_PrefabAsset: {fileID: 0}
  m_GameObject: {fileID: 890337183}
  m_Enabled: 1
  m_EditorHideFlags: 0
  m_Script: {fileID: 11500000, guid: 061c14dc19b17394eae30e3f12a45199, type: 3}
  m_Name: 
  m_EditorClassIdentifier: 
  speedMove: 15
  road:
  - {fileID: 7369205576081875206}
  - {fileID: 527599398}
  distanceRoad: 159
  rootRoad: {fileID: 890337185}
--- !u!4 &890337185
Transform:
  m_ObjectHideFlags: 0
  m_CorrespondingSourceObject: {fileID: 0}
  m_PrefabInstance: {fileID: 0}
  m_PrefabAsset: {fileID: 0}
  m_GameObject: {fileID: 890337183}
  m_LocalRotation: {x: 0, y: 0, z: 0, w: 1}
  m_LocalPosition: {x: 0, y: 0, z: 0}
  m_LocalScale: {x: 1, y: 1, z: 1}
  m_Children:
  - {fileID: 7858638146517367740}
  - {fileID: 527599399}
  m_Father: {fileID: 0}
  m_RootOrder: 8
  m_LocalEulerAnglesHint: {x: 0, y: 0, z: 0}
--- !u!1001 &985466889
PrefabInstance:
  m_ObjectHideFlags: 0
  serializedVersion: 2
  m_Modification:
    m_TransformParent: {fileID: 0}
    m_Modifications:
    - target: {fileID: 844443275827071336, guid: 8d5d6b00b5aa98b4f9d6b499d2a1f708, type: 3}
      propertyPath: m_LocalPosition.x
      value: 0.46
      objectReference: {fileID: 0}
    - target: {fileID: 844443275827071336, guid: 8d5d6b00b5aa98b4f9d6b499d2a1f708, type: 3}
      propertyPath: m_LocalPosition.y
      value: -2.33
      objectReference: {fileID: 0}
    - target: {fileID: 844443275827071336, guid: 8d5d6b00b5aa98b4f9d6b499d2a1f708, type: 3}
      propertyPath: m_LocalPosition.z
      value: -0.42
      objectReference: {fileID: 0}
    - target: {fileID: 844443275827071336, guid: 8d5d6b00b5aa98b4f9d6b499d2a1f708, type: 3}
      propertyPath: m_LocalRotation.w
      value: 0
      objectReference: {fileID: 0}
    - target: {fileID: 844443275827071336, guid: 8d5d6b00b5aa98b4f9d6b499d2a1f708, type: 3}
      propertyPath: m_LocalRotation.x
      value: 0
      objectReference: {fileID: 0}
    - target: {fileID: 844443275827071336, guid: 8d5d6b00b5aa98b4f9d6b499d2a1f708, type: 3}
      propertyPath: m_LocalRotation.y
      value: -1
      objectReference: {fileID: 0}
    - target: {fileID: 844443275827071336, guid: 8d5d6b00b5aa98b4f9d6b499d2a1f708, type: 3}
      propertyPath: m_LocalRotation.z
      value: 0
      objectReference: {fileID: 0}
    - target: {fileID: 844443275827071336, guid: 8d5d6b00b5aa98b4f9d6b499d2a1f708, type: 3}
      propertyPath: m_LocalEulerAnglesHint.y
      value: -180
      objectReference: {fileID: 0}
    - target: {fileID: 1442716821143720471, guid: 8d5d6b00b5aa98b4f9d6b499d2a1f708, type: 3}
      propertyPath: m_IsActive
      value: 0
      objectReference: {fileID: 0}
    - target: {fileID: 1784804926938982947, guid: 8d5d6b00b5aa98b4f9d6b499d2a1f708, type: 3}
      propertyPath: m_RootOrder
      value: 2
      objectReference: {fileID: 0}
    - target: {fileID: 1784804926938982947, guid: 8d5d6b00b5aa98b4f9d6b499d2a1f708, type: 3}
      propertyPath: m_LocalPosition.x
      value: -3.82
      objectReference: {fileID: 0}
    - target: {fileID: 1784804926938982947, guid: 8d5d6b00b5aa98b4f9d6b499d2a1f708, type: 3}
      propertyPath: m_LocalPosition.y
      value: 3.023
      objectReference: {fileID: 0}
    - target: {fileID: 1784804926938982947, guid: 8d5d6b00b5aa98b4f9d6b499d2a1f708, type: 3}
      propertyPath: m_LocalPosition.z
      value: -111.90533
      objectReference: {fileID: 0}
    - target: {fileID: 1784804926938982947, guid: 8d5d6b00b5aa98b4f9d6b499d2a1f708, type: 3}
      propertyPath: m_LocalRotation.w
      value: 1
      objectReference: {fileID: 0}
    - target: {fileID: 1784804926938982947, guid: 8d5d6b00b5aa98b4f9d6b499d2a1f708, type: 3}
      propertyPath: m_LocalRotation.x
      value: 0
      objectReference: {fileID: 0}
    - target: {fileID: 1784804926938982947, guid: 8d5d6b00b5aa98b4f9d6b499d2a1f708, type: 3}
      propertyPath: m_LocalRotation.y
      value: 0
      objectReference: {fileID: 0}
    - target: {fileID: 1784804926938982947, guid: 8d5d6b00b5aa98b4f9d6b499d2a1f708, type: 3}
      propertyPath: m_LocalRotation.z
      value: 0
      objectReference: {fileID: 0}
    - target: {fileID: 1784804926938982947, guid: 8d5d6b00b5aa98b4f9d6b499d2a1f708, type: 3}
      propertyPath: m_LocalEulerAnglesHint.x
      value: 0
      objectReference: {fileID: 0}
    - target: {fileID: 1784804926938982947, guid: 8d5d6b00b5aa98b4f9d6b499d2a1f708, type: 3}
      propertyPath: m_LocalEulerAnglesHint.y
      value: 0
      objectReference: {fileID: 0}
    - target: {fileID: 1784804926938982947, guid: 8d5d6b00b5aa98b4f9d6b499d2a1f708, type: 3}
      propertyPath: m_LocalEulerAnglesHint.z
      value: 0
      objectReference: {fileID: 0}
    - target: {fileID: 1784804926938982957, guid: 8d5d6b00b5aa98b4f9d6b499d2a1f708, type: 3}
      propertyPath: m_Name
      value: upgrade
      objectReference: {fileID: 0}
    - target: {fileID: 6726192546581451538, guid: 8d5d6b00b5aa98b4f9d6b499d2a1f708, type: 3}
      propertyPath: m_Controller
      value: 
      objectReference: {fileID: 9100000, guid: 785be57843560f24f9496b374385c3f1, type: 2}
    - target: {fileID: 6726192546581451538, guid: 8d5d6b00b5aa98b4f9d6b499d2a1f708, type: 3}
      propertyPath: m_CullingMode
      value: 0
      objectReference: {fileID: 0}
    m_RemovedComponents:
    - {fileID: 2106137152, guid: 8d5d6b00b5aa98b4f9d6b499d2a1f708, type: 3}
  m_SourcePrefab: {fileID: 100100000, guid: 8d5d6b00b5aa98b4f9d6b499d2a1f708, type: 3}
--- !u!1 &1041574709
GameObject:
  m_ObjectHideFlags: 0
  m_CorrespondingSourceObject: {fileID: 0}
  m_PrefabInstance: {fileID: 0}
  m_PrefabAsset: {fileID: 0}
  serializedVersion: 6
  m_Component:
  - component: {fileID: 1041574711}
  - component: {fileID: 1041574710}
  m_Layer: 0
  m_Name: trailBeam
  m_TagString: Untagged
  m_Icon: {fileID: 0}
  m_NavMeshLayer: 0
  m_StaticEditorFlags: 0
  m_IsActive: 1
--- !u!96 &1041574710
TrailRenderer:
  serializedVersion: 2
  m_ObjectHideFlags: 0
  m_CorrespondingSourceObject: {fileID: 0}
  m_PrefabInstance: {fileID: 0}
  m_PrefabAsset: {fileID: 0}
  m_GameObject: {fileID: 1041574709}
  m_Enabled: 1
  m_CastShadows: 1
  m_ReceiveShadows: 1
  m_DynamicOccludee: 1
  m_MotionVectors: 0
  m_LightProbeUsage: 0
  m_ReflectionProbeUsage: 0
  m_RayTracingMode: 0
  m_RayTraceProcedural: 0
  m_RenderingLayerMask: 1
  m_RendererPriority: 0
  m_Materials:
  - {fileID: 10306, guid: 0000000000000000f000000000000000, type: 0}
  m_StaticBatchInfo:
    firstSubMesh: 0
    subMeshCount: 0
  m_StaticBatchRoot: {fileID: 0}
  m_ProbeAnchor: {fileID: 0}
  m_LightProbeVolumeOverride: {fileID: 0}
  m_ScaleInLightmap: 1
  m_ReceiveGI: 1
  m_PreserveUVs: 0
  m_IgnoreNormalsForChartDetection: 0
  m_ImportantGI: 0
  m_StitchLightmapSeams: 1
  m_SelectedEditorRenderState: 3
  m_MinimumChartSize: 4
  m_AutoUVMaxDistance: 0.5
  m_AutoUVMaxAngle: 89
  m_LightmapParameters: {fileID: 0}
  m_SortingLayerID: 0
  m_SortingLayer: 0
  m_SortingOrder: 0
  m_Time: 0.2
  m_Parameters:
    serializedVersion: 3
    widthMultiplier: 1
    widthCurve:
      serializedVersion: 2
      m_Curve:
      - serializedVersion: 3
        time: 0
        value: 0.07865143
        inSlope: 0
        outSlope: 0
        tangentMode: 0
        weightedMode: 0
        inWeight: 0.33333334
        outWeight: 0.33333334
      - serializedVersion: 3
        time: 0.21100914
        value: 0.14606741
        inSlope: 0
        outSlope: 0
        tangentMode: 0
        weightedMode: 0
        inWeight: 0
        outWeight: 0
      m_PreInfinity: 2
      m_PostInfinity: 2
      m_RotationOrder: 4
    colorGradient:
      serializedVersion: 2
      key0: {r: 1, g: 0.44892484, b: 0, a: 1}
      key1: {r: 0.24528301, g: 0.10297258, b: 0.10297258, a: 1}
      key2: {r: 0, g: 0, b: 0, a: 1}
      key3: {r: 0, g: 0, b: 0, a: 0}
      key4: {r: 0, g: 0, b: 0, a: 0}
      key5: {r: 0, g: 0, b: 0, a: 0}
      key6: {r: 0, g: 0, b: 0, a: 0}
      key7: {r: 0, g: 0, b: 0, a: 0}
      ctime0: 0
      ctime1: 6554
      ctime2: 11951
      ctime3: 0
      ctime4: 0
      ctime5: 0
      ctime6: 0
      ctime7: 0
      atime0: 0
      atime1: 65535
      atime2: 65535
      atime3: 0
      atime4: 0
      atime5: 0
      atime6: 0
      atime7: 0
      m_Mode: 0
      m_NumColorKeys: 3
      m_NumAlphaKeys: 2
    numCornerVertices: 0
    numCapVertices: 0
    alignment: 0
    textureMode: 0
    shadowBias: 0.5
    generateLightingData: 0
  m_MinVertexDistance: 0.1
  m_Autodestruct: 0
  m_Emitting: 1
--- !u!4 &1041574711
Transform:
  m_ObjectHideFlags: 0
  m_CorrespondingSourceObject: {fileID: 0}
  m_PrefabInstance: {fileID: 0}
  m_PrefabAsset: {fileID: 0}
  m_GameObject: {fileID: 1041574709}
  m_LocalRotation: {x: 0, y: 0, z: 0, w: 1}
  m_LocalPosition: {x: -0.592, y: -1.884, z: 0.16}
  m_LocalScale: {x: 1, y: 1, z: 1}
  m_Children: []
  m_Father: {fileID: 0}
  m_RootOrder: 7
  m_LocalEulerAnglesHint: {x: 0, y: 0, z: 0}
--- !u!224 &1360434253 stripped
RectTransform:
  m_CorrespondingSourceObject: {fileID: 3475561803724161354, guid: 82e70ace9eef3b94ea58c487e13b9a6f, type: 3}
  m_PrefabInstance: {fileID: 1364660367}
  m_PrefabAsset: {fileID: 0}
--- !u!1001 &1364660367
PrefabInstance:
  m_ObjectHideFlags: 0
  serializedVersion: 2
  m_Modification:
    m_TransformParent: {fileID: 0}
    m_Modifications:
    - target: {fileID: 3475561802538090867, guid: 82e70ace9eef3b94ea58c487e13b9a6f, type: 3}
      propertyPath: m_Pivot.x
      value: 0
      objectReference: {fileID: 0}
    - target: {fileID: 3475561802538090867, guid: 82e70ace9eef3b94ea58c487e13b9a6f, type: 3}
      propertyPath: m_Pivot.y
      value: 0
      objectReference: {fileID: 0}
    - target: {fileID: 3475561802538090867, guid: 82e70ace9eef3b94ea58c487e13b9a6f, type: 3}
      propertyPath: m_RootOrder
      value: 5
      objectReference: {fileID: 0}
    - target: {fileID: 3475561802538090867, guid: 82e70ace9eef3b94ea58c487e13b9a6f, type: 3}
      propertyPath: m_AnchorMax.x
      value: 0
      objectReference: {fileID: 0}
    - target: {fileID: 3475561802538090867, guid: 82e70ace9eef3b94ea58c487e13b9a6f, type: 3}
      propertyPath: m_AnchorMax.y
      value: 0
      objectReference: {fileID: 0}
    - target: {fileID: 3475561802538090867, guid: 82e70ace9eef3b94ea58c487e13b9a6f, type: 3}
      propertyPath: m_AnchorMin.x
      value: 0
      objectReference: {fileID: 0}
    - target: {fileID: 3475561802538090867, guid: 82e70ace9eef3b94ea58c487e13b9a6f, type: 3}
      propertyPath: m_AnchorMin.y
      value: 0
      objectReference: {fileID: 0}
    - target: {fileID: 3475561802538090867, guid: 82e70ace9eef3b94ea58c487e13b9a6f, type: 3}
      propertyPath: m_SizeDelta.x
      value: 0
      objectReference: {fileID: 0}
    - target: {fileID: 3475561802538090867, guid: 82e70ace9eef3b94ea58c487e13b9a6f, type: 3}
      propertyPath: m_SizeDelta.y
      value: 0
      objectReference: {fileID: 0}
    - target: {fileID: 3475561802538090867, guid: 82e70ace9eef3b94ea58c487e13b9a6f, type: 3}
      propertyPath: m_LocalPosition.x
      value: 0
      objectReference: {fileID: 0}
    - target: {fileID: 3475561802538090867, guid: 82e70ace9eef3b94ea58c487e13b9a6f, type: 3}
      propertyPath: m_LocalPosition.y
      value: 0
      objectReference: {fileID: 0}
    - target: {fileID: 3475561802538090867, guid: 82e70ace9eef3b94ea58c487e13b9a6f, type: 3}
      propertyPath: m_LocalPosition.z
      value: 0
      objectReference: {fileID: 0}
    - target: {fileID: 3475561802538090867, guid: 82e70ace9eef3b94ea58c487e13b9a6f, type: 3}
      propertyPath: m_LocalRotation.w
      value: 1
      objectReference: {fileID: 0}
    - target: {fileID: 3475561802538090867, guid: 82e70ace9eef3b94ea58c487e13b9a6f, type: 3}
      propertyPath: m_LocalRotation.x
      value: 0
      objectReference: {fileID: 0}
    - target: {fileID: 3475561802538090867, guid: 82e70ace9eef3b94ea58c487e13b9a6f, type: 3}
      propertyPath: m_LocalRotation.y
      value: 0
      objectReference: {fileID: 0}
    - target: {fileID: 3475561802538090867, guid: 82e70ace9eef3b94ea58c487e13b9a6f, type: 3}
      propertyPath: m_LocalRotation.z
      value: 0
      objectReference: {fileID: 0}
    - target: {fileID: 3475561802538090867, guid: 82e70ace9eef3b94ea58c487e13b9a6f, type: 3}
      propertyPath: m_AnchoredPosition.x
      value: 0
      objectReference: {fileID: 0}
    - target: {fileID: 3475561802538090867, guid: 82e70ace9eef3b94ea58c487e13b9a6f, type: 3}
      propertyPath: m_AnchoredPosition.y
      value: 0
      objectReference: {fileID: 0}
    - target: {fileID: 3475561802538090867, guid: 82e70ace9eef3b94ea58c487e13b9a6f, type: 3}
      propertyPath: m_LocalEulerAnglesHint.x
      value: 0
      objectReference: {fileID: 0}
    - target: {fileID: 3475561802538090867, guid: 82e70ace9eef3b94ea58c487e13b9a6f, type: 3}
      propertyPath: m_LocalEulerAnglesHint.y
      value: 0
      objectReference: {fileID: 0}
    - target: {fileID: 3475561802538090867, guid: 82e70ace9eef3b94ea58c487e13b9a6f, type: 3}
      propertyPath: m_LocalEulerAnglesHint.z
      value: 0
      objectReference: {fileID: 0}
    - target: {fileID: 3475561802538090871, guid: 82e70ace9eef3b94ea58c487e13b9a6f, type: 3}
      propertyPath: m_Name
      value: Canvas
      objectReference: {fileID: 0}
    - target: {fileID: 3475561803874042380, guid: 82e70ace9eef3b94ea58c487e13b9a6f, type: 3}
      propertyPath: m_IsActive
      value: 0
      objectReference: {fileID: 0}
    - target: {fileID: 3475561803990881742, guid: 82e70ace9eef3b94ea58c487e13b9a6f, type: 3}
      propertyPath: m_IsActive
      value: 0
      objectReference: {fileID: 0}
    m_RemovedComponents: []
  m_SourcePrefab: {fileID: 100100000, guid: 82e70ace9eef3b94ea58c487e13b9a6f, type: 3}
--- !u!1 &1581241471
GameObject:
  m_ObjectHideFlags: 0
  m_CorrespondingSourceObject: {fileID: 0}
  m_PrefabInstance: {fileID: 0}
  m_PrefabAsset: {fileID: 0}
  serializedVersion: 6
  m_Component:
  - component: {fileID: 1581241474}
  - component: {fileID: 1581241473}
  - component: {fileID: 1581241472}
  - component: {fileID: 1581241477}
  - component: {fileID: 1581241476}
  - component: {fileID: 1581241475}
  m_Layer: 0
  m_Name: projectile
  m_TagString: Untagged
  m_Icon: {fileID: 0}
  m_NavMeshLayer: 0
  m_StaticEditorFlags: 0
  m_IsActive: 1
--- !u!23 &1581241472
MeshRenderer:
  m_ObjectHideFlags: 0
  m_CorrespondingSourceObject: {fileID: 0}
  m_PrefabInstance: {fileID: 0}
  m_PrefabAsset: {fileID: 0}
  m_GameObject: {fileID: 1581241471}
  m_Enabled: 1
  m_CastShadows: 1
  m_ReceiveShadows: 1
  m_DynamicOccludee: 1
  m_MotionVectors: 1
  m_LightProbeUsage: 1
  m_ReflectionProbeUsage: 1
  m_RayTracingMode: 2
  m_RayTraceProcedural: 0
  m_RenderingLayerMask: 1
  m_RendererPriority: 0
  m_Materials:
  - {fileID: 2100000, guid: 10db0c783e8c0fc41962daddd1c0ed86, type: 2}
  m_StaticBatchInfo:
    firstSubMesh: 0
    subMeshCount: 0
  m_StaticBatchRoot: {fileID: 0}
  m_ProbeAnchor: {fileID: 0}
  m_LightProbeVolumeOverride: {fileID: 0}
  m_ScaleInLightmap: 1
  m_ReceiveGI: 1
  m_PreserveUVs: 0
  m_IgnoreNormalsForChartDetection: 0
  m_ImportantGI: 0
  m_StitchLightmapSeams: 1
  m_SelectedEditorRenderState: 3
  m_MinimumChartSize: 4
  m_AutoUVMaxDistance: 0.5
  m_AutoUVMaxAngle: 89
  m_LightmapParameters: {fileID: 0}
  m_SortingLayerID: 0
  m_SortingLayer: 0
  m_SortingOrder: 0
  m_AdditionalVertexStreams: {fileID: 0}
--- !u!33 &1581241473
MeshFilter:
  m_ObjectHideFlags: 0
  m_CorrespondingSourceObject: {fileID: 0}
  m_PrefabInstance: {fileID: 0}
  m_PrefabAsset: {fileID: 0}
  m_GameObject: {fileID: 1581241471}
  m_Mesh: {fileID: 4711208715938537054, guid: abd2988d9de6cd14cb9fb5a059eeb848, type: 3}
--- !u!4 &1581241474
Transform:
  m_ObjectHideFlags: 0
  m_CorrespondingSourceObject: {fileID: 0}
  m_PrefabInstance: {fileID: 0}
  m_PrefabAsset: {fileID: 0}
  m_GameObject: {fileID: 1581241471}
  m_LocalRotation: {x: 0.36097708, y: 0.57730734, z: -0.3397301, w: 0.64884144}
  m_LocalPosition: {x: -9.352599, y: -113.9, z: -90.68721}
  m_LocalScale: {x: 100, y: 100, z: 100}
  m_Children: []
  m_Father: {fileID: 0}
  m_RootOrder: 4
  m_LocalEulerAnglesHint: {x: 0, y: 0, z: 0}
--- !u!114 &1581241475
MonoBehaviour:
  m_ObjectHideFlags: 0
  m_CorrespondingSourceObject: {fileID: 0}
  m_PrefabInstance: {fileID: 0}
  m_PrefabAsset: {fileID: 0}
  m_GameObject: {fileID: 1581241471}
  m_Enabled: 1
  m_EditorHideFlags: 0
  m_Script: {fileID: 11500000, guid: e371d73b3b2592a42b81188fe947f45f, type: 3}
  m_Name: 
  m_EditorClassIdentifier: 
  randomSpawn: 0
  useThrowProcess: 0
  moveType: 1
  player: {fileID: 148479751}
  speedMove: 3
  speedSpawn: 11
  spellProjectilePrefab: {fileID: 0}
  spellProjectilePoint: {fileID: 0}
--- !u!114 &1581241476
MonoBehaviour:
  m_ObjectHideFlags: 0
  m_CorrespondingSourceObject: {fileID: 0}
  m_PrefabInstance: {fileID: 0}
  m_PrefabAsset: {fileID: 0}
  m_GameObject: {fileID: 1581241471}
  m_Enabled: 1
  m_EditorHideFlags: 0
  m_Script: {fileID: 11500000, guid: 0421107a47118fa41b659e71f3bf01a1, type: 3}
  m_Name: 
  m_EditorClassIdentifier: 
  randomResist: 0
  hp: 0
  maxHp: 2
  resist: 2
  hpBarBG: {fileID: 0}
  hpBarImage: {fileID: 0}
  deathParticle: {fileID: 4480094395585194968, guid: fc5ac1eb71ccee04b9d3ca0f44fbfc8e, type: 3}
  rendererMaterial: {fileID: 0}
  target: {fileID: 0}
  money: {x: 0, y: 0}
  cameraController: {fileID: 7793930460272854080}
  canvasAnimator: {fileID: 0}
--- !u!65 &1581241477
BoxCollider:
  m_ObjectHideFlags: 0
  m_CorrespondingSourceObject: {fileID: 0}
  m_PrefabInstance: {fileID: 0}
  m_PrefabAsset: {fileID: 0}
  m_GameObject: {fileID: 1581241471}
  m_Material: {fileID: 0}
  m_IsTrigger: 0
  m_Enabled: 1
  serializedVersion: 2
  m_Size: {x: 0.043041766, y: 0.042818625, z: 0.048758756}
  m_Center: {x: 0.00000023934984, y: -0.000000003725287, z: -0.000000031664968}
--- !u!1 &1583946621
GameObject:
  m_ObjectHideFlags: 0
  m_CorrespondingSourceObject: {fileID: 0}
  m_PrefabInstance: {fileID: 0}
  m_PrefabAsset: {fileID: 0}
  serializedVersion: 6
  m_Component:
  - component: {fileID: 1583946623}
  - component: {fileID: 1583946622}
  m_Layer: 0
  m_Name: MAIN
  m_TagString: Untagged
  m_Icon: {fileID: 0}
  m_NavMeshLayer: 0
  m_StaticEditorFlags: 0
  m_IsActive: 1
--- !u!114 &1583946622
MonoBehaviour:
  m_ObjectHideFlags: 0
  m_CorrespondingSourceObject: {fileID: 0}
  m_PrefabInstance: {fileID: 0}
  m_PrefabAsset: {fileID: 0}
  m_GameObject: {fileID: 1583946621}
  m_Enabled: 1
  m_EditorHideFlags: 0
  m_Script: {fileID: 11500000, guid: 20f14ed78e226e44eb9c7ab419ed639a, type: 3}
  m_Name: 
  m_EditorClassIdentifier: 
  speedMove: 5
  moveDelay: 2
  rooms:
  - points: []
    doors: []
    ghosts:
    - {fileID: 919132147620342188}
    - {fileID: 1581241471}
    spawnPoints: []
  allGhosts: []
  _xray: {fileID: 0}
--- !u!4 &1583946623
Transform:
  m_ObjectHideFlags: 0
  m_CorrespondingSourceObject: {fileID: 0}
  m_PrefabInstance: {fileID: 0}
  m_PrefabAsset: {fileID: 0}
  m_GameObject: {fileID: 1583946621}
  m_LocalRotation: {x: 0, y: 0, z: 0, w: 1}
  m_LocalPosition: {x: -0.2800002, y: 4.3600006, z: -122.55}
  m_LocalScale: {x: 1, y: 1, z: 1}
  m_Children: []
  m_Father: {fileID: 0}
  m_RootOrder: 0
  m_LocalEulerAnglesHint: {x: 0, y: 0, z: 0}
--- !u!95 &1632580041 stripped
Animator:
  m_CorrespondingSourceObject: {fileID: 1660444182, guid: 82e70ace9eef3b94ea58c487e13b9a6f, type: 3}
  m_PrefabInstance: {fileID: 1364660367}
  m_PrefabAsset: {fileID: 0}
--- !u!1 &1813037268
GameObject:
  m_ObjectHideFlags: 0
  m_CorrespondingSourceObject: {fileID: 0}
  m_PrefabInstance: {fileID: 0}
  m_PrefabAsset: {fileID: 0}
  serializedVersion: 6
  m_Component:
  - component: {fileID: 1813037270}
  - component: {fileID: 1813037269}
  m_Layer: 0
  m_Name: Directional Light
  m_TagString: Untagged
  m_Icon: {fileID: 0}
  m_NavMeshLayer: 0
  m_StaticEditorFlags: 0
  m_IsActive: 1
--- !u!108 &1813037269
Light:
  m_ObjectHideFlags: 0
  m_CorrespondingSourceObject: {fileID: 0}
  m_PrefabInstance: {fileID: 0}
  m_PrefabAsset: {fileID: 0}
  m_GameObject: {fileID: 1813037268}
  m_Enabled: 1
  serializedVersion: 10
  m_Type: 1
  m_Shape: 0
  m_Color: {r: 1, g: 0.9703973, b: 0.8443396, a: 1}
  m_Intensity: 1
  m_Range: 10
  m_SpotAngle: 30
  m_InnerSpotAngle: 21.80208
  m_CookieSize: 10
  m_Shadows:
    m_Type: 1
    m_Resolution: -1
    m_CustomResolution: -1
    m_Strength: 1
    m_Bias: 0.05
    m_NormalBias: 0.4
    m_NearPlane: 0.2
    m_CullingMatrixOverride:
      e00: 1
      e01: 0
      e02: 0
      e03: 0
      e10: 0
      e11: 1
      e12: 0
      e13: 0
      e20: 0
      e21: 0
      e22: 1
      e23: 0
      e30: 0
      e31: 0
      e32: 0
      e33: 1
    m_UseCullingMatrixOverride: 0
  m_Cookie: {fileID: 0}
  m_DrawHalo: 0
  m_Flare: {fileID: 0}
  m_RenderMode: 0
  m_CullingMask:
    serializedVersion: 2
    m_Bits: 4294967295
  m_RenderingLayerMask: 1
  m_Lightmapping: 4
  m_LightShadowCasterMode: 0
  m_AreaSize: {x: 1, y: 1}
  m_BounceIntensity: 1
  m_ColorTemperature: 6570
  m_UseColorTemperature: 0
  m_BoundingSphereOverride: {x: 0, y: 0, z: 0, w: 0}
  m_UseBoundingSphereOverride: 0
  m_UseViewFrustumForShadowCasterCull: 1
  m_ShadowRadius: 0
  m_ShadowAngle: 0
--- !u!4 &1813037270
Transform:
  m_ObjectHideFlags: 0
  m_CorrespondingSourceObject: {fileID: 0}
  m_PrefabInstance: {fileID: 0}
  m_PrefabAsset: {fileID: 0}
  m_GameObject: {fileID: 1813037268}
  m_LocalRotation: {x: 0.3260415, y: -0.52036655, z: 0.1855654, w: 0.7671252}
  m_LocalPosition: {x: 0, y: 3, z: 0}
  m_LocalScale: {x: 1, y: 1, z: 1}
  m_Children: []
  m_Father: {fileID: 0}
  m_RootOrder: 1
  m_LocalEulerAnglesHint: {x: 43.896, y: -70.053, z: -4.347}
--- !u!1001 &70124972344590807
PrefabInstance:
  m_ObjectHideFlags: 0
  serializedVersion: 2
  m_Modification:
    m_TransformParent: {fileID: 890337185}
    m_Modifications:
    - target: {fileID: 70124972253202160, guid: 01607421d029fc447ae52b83347eb371, type: 3}
      propertyPath: m_RootOrder
      value: 1
      objectReference: {fileID: 0}
    - target: {fileID: 70124972253202160, guid: 01607421d029fc447ae52b83347eb371, type: 3}
      propertyPath: m_LocalPosition.x
      value: 0
      objectReference: {fileID: 0}
    - target: {fileID: 70124972253202160, guid: 01607421d029fc447ae52b83347eb371, type: 3}
      propertyPath: m_LocalPosition.y
      value: 0
      objectReference: {fileID: 0}
    - target: {fileID: 70124972253202160, guid: 01607421d029fc447ae52b83347eb371, type: 3}
      propertyPath: m_LocalPosition.z
      value: -159.74
      objectReference: {fileID: 0}
    - target: {fileID: 70124972253202160, guid: 01607421d029fc447ae52b83347eb371, type: 3}
      propertyPath: m_LocalRotation.w
      value: 1
      objectReference: {fileID: 0}
    - target: {fileID: 70124972253202160, guid: 01607421d029fc447ae52b83347eb371, type: 3}
      propertyPath: m_LocalRotation.x
      value: -0
      objectReference: {fileID: 0}
    - target: {fileID: 70124972253202160, guid: 01607421d029fc447ae52b83347eb371, type: 3}
      propertyPath: m_LocalRotation.y
      value: -0
      objectReference: {fileID: 0}
    - target: {fileID: 70124972253202160, guid: 01607421d029fc447ae52b83347eb371, type: 3}
      propertyPath: m_LocalRotation.z
      value: -0
      objectReference: {fileID: 0}
    - target: {fileID: 70124972253202160, guid: 01607421d029fc447ae52b83347eb371, type: 3}
      propertyPath: m_LocalEulerAnglesHint.x
      value: 0
      objectReference: {fileID: 0}
    - target: {fileID: 70124972253202160, guid: 01607421d029fc447ae52b83347eb371, type: 3}
      propertyPath: m_LocalEulerAnglesHint.y
      value: 0
      objectReference: {fileID: 0}
    - target: {fileID: 70124972253202160, guid: 01607421d029fc447ae52b83347eb371, type: 3}
      propertyPath: m_LocalEulerAnglesHint.z
      value: 0
      objectReference: {fileID: 0}
    - target: {fileID: 70124972253202161, guid: 01607421d029fc447ae52b83347eb371, type: 3}
      propertyPath: m_Name
      value: Ghostbusters_boss_location_forest1
      objectReference: {fileID: 0}
    m_RemovedComponents: []
  m_SourcePrefab: {fileID: 100100000, guid: 01607421d029fc447ae52b83347eb371, type: 3}
--- !u!1 &919132147620342188 stripped
GameObject:
  m_CorrespondingSourceObject: {fileID: 2952507349668381127, guid: 25246aaebbfab2c4391987bca7c0ecbb, type: 3}
  m_PrefabInstance: {fileID: 2609836100381550699}
  m_PrefabAsset: {fileID: 0}
--- !u!1001 &2609836100381550699
PrefabInstance:
  m_ObjectHideFlags: 0
  serializedVersion: 2
  m_Modification:
    m_TransformParent: {fileID: 0}
    m_Modifications:
    - target: {fileID: 2270762733190353587, guid: 25246aaebbfab2c4391987bca7c0ecbb, type: 3}
      propertyPath: canvasAnimator
      value: 
      objectReference: {fileID: 1632580041}
    - target: {fileID: 2572322185037650813, guid: 25246aaebbfab2c4391987bca7c0ecbb, type: 3}
      propertyPath: m_RootOrder
      value: 3
      objectReference: {fileID: 0}
    - target: {fileID: 2572322185037650813, guid: 25246aaebbfab2c4391987bca7c0ecbb, type: 3}
      propertyPath: m_LocalPosition.x
      value: -0.46
      objectReference: {fileID: 0}
    - target: {fileID: 2572322185037650813, guid: 25246aaebbfab2c4391987bca7c0ecbb, type: 3}
      propertyPath: m_LocalPosition.y
      value: 9.59
      objectReference: {fileID: 0}
    - target: {fileID: 2572322185037650813, guid: 25246aaebbfab2c4391987bca7c0ecbb, type: 3}
      propertyPath: m_LocalPosition.z
      value: -90.68
      objectReference: {fileID: 0}
    - target: {fileID: 2572322185037650813, guid: 25246aaebbfab2c4391987bca7c0ecbb, type: 3}
      propertyPath: m_LocalRotation.w
      value: -0.7071068
      objectReference: {fileID: 0}
    - target: {fileID: 2572322185037650813, guid: 25246aaebbfab2c4391987bca7c0ecbb, type: 3}
      propertyPath: m_LocalRotation.x
      value: 0
      objectReference: {fileID: 0}
    - target: {fileID: 2572322185037650813, guid: 25246aaebbfab2c4391987bca7c0ecbb, type: 3}
      propertyPath: m_LocalRotation.y
      value: 0.7071068
      objectReference: {fileID: 0}
    - target: {fileID: 2572322185037650813, guid: 25246aaebbfab2c4391987bca7c0ecbb, type: 3}
      propertyPath: m_LocalRotation.z
      value: -0
      objectReference: {fileID: 0}
    - target: {fileID: 2572322185037650813, guid: 25246aaebbfab2c4391987bca7c0ecbb, type: 3}
      propertyPath: m_LocalEulerAnglesHint.x
      value: 0
      objectReference: {fileID: 0}
    - target: {fileID: 2572322185037650813, guid: 25246aaebbfab2c4391987bca7c0ecbb, type: 3}
      propertyPath: m_LocalEulerAnglesHint.y
      value: 270
      objectReference: {fileID: 0}
    - target: {fileID: 2572322185037650813, guid: 25246aaebbfab2c4391987bca7c0ecbb, type: 3}
      propertyPath: m_LocalEulerAnglesHint.z
      value: 0
      objectReference: {fileID: 0}
    - target: {fileID: 2609836100707359268, guid: 25246aaebbfab2c4391987bca7c0ecbb, type: 3}
      propertyPath: maxHp
      value: 30
      objectReference: {fileID: 0}
    - target: {fileID: 2609836100707359268, guid: 25246aaebbfab2c4391987bca7c0ecbb, type: 3}
      propertyPath: projectile
      value: 
      objectReference: {fileID: 1581241471}
    - target: {fileID: 2952507349668381127, guid: 25246aaebbfab2c4391987bca7c0ecbb, type: 3}
      propertyPath: m_Name
      value: Marshmellow
      objectReference: {fileID: 0}
    - target: {fileID: 6249762461292658049, guid: 25246aaebbfab2c4391987bca7c0ecbb, type: 3}
      propertyPath: cameraController
      value: 
      objectReference: {fileID: 7793930460272854080}
    m_RemovedComponents: []
  m_SourcePrefab: {fileID: 100100000, guid: 25246aaebbfab2c4391987bca7c0ecbb, type: 3}
--- !u!1001 &5765355370351263728
PrefabInstance:
  m_ObjectHideFlags: 0
  serializedVersion: 2
  m_Modification:
    m_TransformParent: {fileID: 0}
    m_Modifications:
    - target: {fileID: 1925694466806154481, guid: 74b9cb0351221414ba2cf252fe2f51aa, type: 3}
      propertyPath: crosshair
      value: 
      objectReference: {fileID: 1360434253}
    - target: {fileID: 1925694466806154485, guid: 74b9cb0351221414ba2cf252fe2f51aa, type: 3}
      propertyPath: m_RootOrder
      value: 11
      objectReference: {fileID: 0}
    - target: {fileID: 1925694466806154485, guid: 74b9cb0351221414ba2cf252fe2f51aa, type: 3}
      propertyPath: m_LocalEulerAnglesHint.x
      value: -7.909
      objectReference: {fileID: 0}
    - target: {fileID: 1925694466806154485, guid: 74b9cb0351221414ba2cf252fe2f51aa, type: 3}
      propertyPath: m_LocalEulerAnglesHint.y
      value: 355.334
      objectReference: {fileID: 0}
    - target: {fileID: 1925694466806154485, guid: 74b9cb0351221414ba2cf252fe2f51aa, type: 3}
      propertyPath: m_LocalEulerAnglesHint.z
      value: 0.534
      objectReference: {fileID: 0}
    - target: {fileID: 1925694466806154486, guid: 74b9cb0351221414ba2cf252fe2f51aa, type: 3}
      propertyPath: m_Name
      value: PlayerBossFight
      objectReference: {fileID: 0}
    m_RemovedComponents: []
  m_SourcePrefab: {fileID: 100100000, guid: 74b9cb0351221414ba2cf252fe2f51aa, type: 3}
--- !u!1001 &7041742409639715566
PrefabInstance:
  m_ObjectHideFlags: 0
  serializedVersion: 2
  m_Modification:
    m_TransformParent: {fileID: 890337185}
    m_Modifications:
    - target: {fileID: 575869235739280360, guid: 670a2eced7d29154ea78936d1849f5d7, type: 3}
      propertyPath: m_Name
      value: Ghostbusters_boss_location_forest
      objectReference: {fileID: 0}
    - target: {fileID: 915979670671890770, guid: 670a2eced7d29154ea78936d1849f5d7, type: 3}
      propertyPath: m_RootOrder
      value: 0
      objectReference: {fileID: 0}
    - target: {fileID: 915979670671890770, guid: 670a2eced7d29154ea78936d1849f5d7, type: 3}
      propertyPath: m_LocalPosition.x
      value: 0
      objectReference: {fileID: 0}
    - target: {fileID: 915979670671890770, guid: 670a2eced7d29154ea78936d1849f5d7, type: 3}
      propertyPath: m_LocalPosition.y
      value: 0
      objectReference: {fileID: 0}
    - target: {fileID: 915979670671890770, guid: 670a2eced7d29154ea78936d1849f5d7, type: 3}
      propertyPath: m_LocalPosition.z
      value: 0
      objectReference: {fileID: 0}
    - target: {fileID: 915979670671890770, guid: 670a2eced7d29154ea78936d1849f5d7, type: 3}
      propertyPath: m_LocalRotation.w
      value: 1
      objectReference: {fileID: 0}
    - target: {fileID: 915979670671890770, guid: 670a2eced7d29154ea78936d1849f5d7, type: 3}
      propertyPath: m_LocalRotation.x
      value: -0
      objectReference: {fileID: 0}
    - target: {fileID: 915979670671890770, guid: 670a2eced7d29154ea78936d1849f5d7, type: 3}
      propertyPath: m_LocalRotation.y
      value: -0
      objectReference: {fileID: 0}
    - target: {fileID: 915979670671890770, guid: 670a2eced7d29154ea78936d1849f5d7, type: 3}
      propertyPath: m_LocalRotation.z
      value: -0
      objectReference: {fileID: 0}
    - target: {fileID: 915979670671890770, guid: 670a2eced7d29154ea78936d1849f5d7, type: 3}
      propertyPath: m_LocalEulerAnglesHint.x
      value: 0
      objectReference: {fileID: 0}
    - target: {fileID: 915979670671890770, guid: 670a2eced7d29154ea78936d1849f5d7, type: 3}
      propertyPath: m_LocalEulerAnglesHint.y
      value: 0
      objectReference: {fileID: 0}
    - target: {fileID: 915979670671890770, guid: 670a2eced7d29154ea78936d1849f5d7, type: 3}
      propertyPath: m_LocalEulerAnglesHint.z
      value: 0
      objectReference: {fileID: 0}
    m_RemovedComponents: []
  m_SourcePrefab: {fileID: 100100000, guid: 670a2eced7d29154ea78936d1849f5d7, type: 3}
--- !u!1 &7369205576081875206 stripped
GameObject:
  m_CorrespondingSourceObject: {fileID: 575869235739280360, guid: 670a2eced7d29154ea78936d1849f5d7, type: 3}
  m_PrefabInstance: {fileID: 7041742409639715566}
  m_PrefabAsset: {fileID: 0}
--- !u!114 &7793930460272854080 stripped
MonoBehaviour:
  m_CorrespondingSourceObject: {fileID: 4335614438821624752, guid: 74b9cb0351221414ba2cf252fe2f51aa, type: 3}
  m_PrefabInstance: {fileID: 5765355370351263728}
  m_PrefabAsset: {fileID: 0}
  m_GameObject: {fileID: 0}
  m_Enabled: 1
  m_EditorHideFlags: 0
  m_Script: {fileID: 11500000, guid: 10e3f97ba920ef4439bb3b3442f9642e, type: 3}
  m_Name: 
  m_EditorClassIdentifier: 
--- !u!4 &7858638146517367740 stripped
Transform:
  m_CorrespondingSourceObject: {fileID: 915979670671890770, guid: 670a2eced7d29154ea78936d1849f5d7, type: 3}
  m_PrefabInstance: {fileID: 7041742409639715566}
  m_PrefabAsset: {fileID: 0}
