%YAML 1.1
%TAG !u! tag:unity3d.com,2011:
--- !u!29 &1
OcclusionCullingSettings:
  m_ObjectHideFlags: 0
  serializedVersion: 2
  m_OcclusionBakeSettings:
    smallestOccluder: 5
    smallestHole: 0.25
    backfaceThreshold: 100
  m_SceneGUID: 00000000000000000000000000000000
  m_OcclusionCullingData: {fileID: 0}
--- !u!104 &2
RenderSettings:
  m_ObjectHideFlags: 0
  serializedVersion: 9
  m_Fog: 1
  m_FogColor: {r: 0.4784314, g: 0.11764707, b: 0.8470589, a: 1}
  m_FogMode: 1
  m_FogDensity: 0.01
  m_LinearFogStart: 53
  m_LinearFogEnd: 86.2
  m_AmbientSkyColor: {r: 0.212, g: 0.227, b: 0.259, a: 1}
  m_AmbientEquatorColor: {r: 0.114, g: 0.125, b: 0.133, a: 1}
  m_AmbientGroundColor: {r: 0.047, g: 0.043, b: 0.035, a: 1}
  m_AmbientIntensity: 1
  m_AmbientMode: 0
  m_SubtractiveShadowColor: {r: 0.42, g: 0.478, b: 0.627, a: 1}
  m_SkyboxMaterial: {fileID: 2100000, guid: 24e37d9b5c3e0be4fab3e1defb323693, type: 2}
  m_HaloStrength: 0.5
  m_FlareStrength: 1
  m_FlareFadeSpeed: 3
  m_HaloTexture: {fileID: 0}
  m_SpotCookie: {fileID: 10001, guid: 0000000000000000e000000000000000, type: 0}
  m_DefaultReflectionMode: 0
  m_DefaultReflectionResolution: 128
  m_ReflectionBounces: 1
  m_ReflectionIntensity: 1
  m_CustomReflection: {fileID: 0}
  m_Sun: {fileID: 0}
  m_IndirectSpecularColor: {r: 0.06127167, g: 0.05522766, b: 0.72536737, a: 1}
  m_UseRadianceAmbientProbe: 0
--- !u!157 &3
LightmapSettings:
  m_ObjectHideFlags: 0
  serializedVersion: 12
  m_GIWorkflowMode: 1
  m_GISettings:
    serializedVersion: 2
    m_BounceScale: 1
    m_IndirectOutputScale: 1
    m_AlbedoBoost: 1
    m_EnvironmentLightingMode: 0
    m_EnableBakedLightmaps: 1
    m_EnableRealtimeLightmaps: 0
  m_LightmapEditorSettings:
    serializedVersion: 12
    m_Resolution: 2
    m_BakeResolution: 40
    m_AtlasSize: 1024
    m_AO: 0
    m_AOMaxDistance: 1
    m_CompAOExponent: 1
    m_CompAOExponentDirect: 0
    m_ExtractAmbientOcclusion: 0
    m_Padding: 2
    m_LightmapParameters: {fileID: 0}
    m_LightmapsBakeMode: 1
    m_TextureCompression: 1
    m_FinalGather: 0
    m_FinalGatherFiltering: 1
    m_FinalGatherRayCount: 256
    m_ReflectionCompression: 2
    m_MixedBakeMode: 2
    m_BakeBackend: 1
    m_PVRSampling: 1
    m_PVRDirectSampleCount: 32
    m_PVRSampleCount: 512
    m_PVRBounces: 2
    m_PVREnvironmentSampleCount: 256
    m_PVREnvironmentReferencePointCount: 2048
    m_PVRFilteringMode: 1
    m_PVRDenoiserTypeDirect: 1
    m_PVRDenoiserTypeIndirect: 1
    m_PVRDenoiserTypeAO: 1
    m_PVRFilterTypeDirect: 0
    m_PVRFilterTypeIndirect: 0
    m_PVRFilterTypeAO: 0
    m_PVREnvironmentMIS: 1
    m_PVRCulling: 1
    m_PVRFilteringGaussRadiusDirect: 1
    m_PVRFilteringGaussRadiusIndirect: 5
    m_PVRFilteringGaussRadiusAO: 2
    m_PVRFilteringAtrousPositionSigmaDirect: 0.5
    m_PVRFilteringAtrousPositionSigmaIndirect: 2
    m_PVRFilteringAtrousPositionSigmaAO: 1
    m_ExportTrainingData: 0
    m_TrainingDataDestination: TrainingData
    m_LightProbeSampleCountMultiplier: 4
  m_LightingDataAsset: {fileID: 0}
  m_LightingSettings: {fileID: 0}
--- !u!196 &4
NavMeshSettings:
  serializedVersion: 2
  m_ObjectHideFlags: 0
  m_BuildSettings:
    serializedVersion: 2
    agentTypeID: 0
    agentRadius: 0.5
    agentHeight: 2
    agentSlope: 45
    agentClimb: 0.4
    ledgeDropHeight: 0
    maxJumpAcrossDistance: 0
    minRegionArea: 2
    manualCellSize: 0
    cellSize: 0.16666667
    manualTileSize: 0
    tileSize: 256
    accuratePlacement: 0
    maxJobWorkers: 0
    preserveTilesOutsideBounds: 0
    debug:
      m_Flags: 0
  m_NavMeshData: {fileID: 0}
--- !u!95 &28019665 stripped
Animator:
  m_CorrespondingSourceObject: {fileID: 1660444182, guid: 82e70ace9eef3b94ea58c487e13b9a6f, type: 3}
  m_PrefabInstance: {fileID: 1364660367}
  m_PrefabAsset: {fileID: 0}
--- !u!4 &540624192 stripped
Transform:
  m_CorrespondingSourceObject: {fileID: 2779357271268702139, guid: e0d1fb049f2ee0f40a344edf65b243a6, type: 3}
  m_PrefabInstance: {fileID: 1984145802}
  m_PrefabAsset: {fileID: 0}
--- !u!4 &692626002 stripped
Transform:
  m_CorrespondingSourceObject: {fileID: 6521031712569714702, guid: 4626a1aedc5680b44abf92897048598c, type: 3}
  m_PrefabInstance: {fileID: 1042617501}
  m_PrefabAsset: {fileID: 0}
--- !u!1 &716909233
GameObject:
  m_ObjectHideFlags: 0
  m_CorrespondingSourceObject: {fileID: 0}
  m_PrefabInstance: {fileID: 0}
  m_PrefabAsset: {fileID: 0}
  serializedVersion: 6
  m_Component:
  - component: {fileID: 716909236}
  - component: {fileID: 716909235}
  - component: {fileID: 716909234}
  m_Layer: 0
  m_Name: EventSystem
  m_TagString: Untagged
  m_Icon: {fileID: 0}
  m_NavMeshLayer: 0
  m_StaticEditorFlags: 0
  m_IsActive: 1
--- !u!114 &716909234
MonoBehaviour:
  m_ObjectHideFlags: 0
  m_CorrespondingSourceObject: {fileID: 0}
  m_PrefabInstance: {fileID: 0}
  m_PrefabAsset: {fileID: 0}
  m_GameObject: {fileID: 716909233}
  m_Enabled: 1
  m_EditorHideFlags: 0
  m_Script: {fileID: 11500000, guid: 4f231c4fb786f3946a6b90b886c48677, type: 3}
  m_Name: 
  m_EditorClassIdentifier: 
  m_HorizontalAxis: Horizontal
  m_VerticalAxis: Vertical
  m_SubmitButton: Submit
  m_CancelButton: Cancel
  m_InputActionsPerSecond: 10
  m_RepeatDelay: 0.5
  m_ForceModuleActive: 0
--- !u!114 &716909235
MonoBehaviour:
  m_ObjectHideFlags: 0
  m_CorrespondingSourceObject: {fileID: 0}
  m_PrefabInstance: {fileID: 0}
  m_PrefabAsset: {fileID: 0}
  m_GameObject: {fileID: 716909233}
  m_Enabled: 1
  m_EditorHideFlags: 0
  m_Script: {fileID: 11500000, guid: 76c392e42b5098c458856cdf6ecaaaa1, type: 3}
  m_Name: 
  m_EditorClassIdentifier: 
  m_FirstSelected: {fileID: 0}
  m_sendNavigationEvents: 1
  m_DragThreshold: 10
--- !u!4 &716909236
Transform:
  m_ObjectHideFlags: 0
  m_CorrespondingSourceObject: {fileID: 0}
  m_PrefabInstance: {fileID: 0}
  m_PrefabAsset: {fileID: 0}
  m_GameObject: {fileID: 716909233}
  m_LocalRotation: {x: 0, y: 0, z: 0, w: 1}
  m_LocalPosition: {x: 0, y: 0, z: 0}
  m_LocalScale: {x: 1, y: 1, z: 1}
  m_Children: []
  m_Father: {fileID: 0}
  m_RootOrder: 11
  m_LocalEulerAnglesHint: {x: 0, y: 0, z: 0}
--- !u!4 &955258029 stripped
Transform:
  m_CorrespondingSourceObject: {fileID: 7774720217620592850, guid: e0d1fb049f2ee0f40a344edf65b243a6, type: 3}
  m_PrefabInstance: {fileID: 1984145802}
  m_PrefabAsset: {fileID: 0}
--- !u!1 &1041574709
GameObject:
  m_ObjectHideFlags: 0
  m_CorrespondingSourceObject: {fileID: 0}
  m_PrefabInstance: {fileID: 0}
  m_PrefabAsset: {fileID: 0}
  serializedVersion: 6
  m_Component:
  - component: {fileID: 1041574711}
  - component: {fileID: 1041574710}
  m_Layer: 0
  m_Name: trailBeam
  m_TagString: Untagged
  m_Icon: {fileID: 0}
  m_NavMeshLayer: 0
  m_StaticEditorFlags: 0
  m_IsActive: 1
--- !u!96 &1041574710
TrailRenderer:
  serializedVersion: 2
  m_ObjectHideFlags: 0
  m_CorrespondingSourceObject: {fileID: 0}
  m_PrefabInstance: {fileID: 0}
  m_PrefabAsset: {fileID: 0}
  m_GameObject: {fileID: 1041574709}
  m_Enabled: 1
  m_CastShadows: 1
  m_ReceiveShadows: 1
  m_DynamicOccludee: 1
  m_MotionVectors: 0
  m_LightProbeUsage: 0
  m_ReflectionProbeUsage: 0
  m_RayTracingMode: 0
  m_RayTraceProcedural: 0
  m_RenderingLayerMask: 1
  m_RendererPriority: 0
  m_Materials:
  - {fileID: 10306, guid: 0000000000000000f000000000000000, type: 0}
  m_StaticBatchInfo:
    firstSubMesh: 0
    subMeshCount: 0
  m_StaticBatchRoot: {fileID: 0}
  m_ProbeAnchor: {fileID: 0}
  m_LightProbeVolumeOverride: {fileID: 0}
  m_ScaleInLightmap: 1
  m_ReceiveGI: 1
  m_PreserveUVs: 0
  m_IgnoreNormalsForChartDetection: 0
  m_ImportantGI: 0
  m_StitchLightmapSeams: 1
  m_SelectedEditorRenderState: 3
  m_MinimumChartSize: 4
  m_AutoUVMaxDistance: 0.5
  m_AutoUVMaxAngle: 89
  m_LightmapParameters: {fileID: 0}
  m_SortingLayerID: 0
  m_SortingLayer: 0
  m_SortingOrder: 0
  m_Time: 0.2
  m_Parameters:
    serializedVersion: 3
    widthMultiplier: 1
    widthCurve:
      serializedVersion: 2
      m_Curve:
      - serializedVersion: 3
        time: 0
        value: 0.07865143
        inSlope: 0
        outSlope: 0
        tangentMode: 0
        weightedMode: 0
        inWeight: 0.33333334
        outWeight: 0.33333334
      - serializedVersion: 3
        time: 0.21100914
        value: 0.14606741
        inSlope: 0
        outSlope: 0
        tangentMode: 0
        weightedMode: 0
        inWeight: 0
        outWeight: 0
      m_PreInfinity: 2
      m_PostInfinity: 2
      m_RotationOrder: 4
    colorGradient:
      serializedVersion: 2
      key0: {r: 1, g: 0.44892484, b: 0, a: 1}
      key1: {r: 0.24528301, g: 0.10297258, b: 0.10297258, a: 1}
      key2: {r: 0, g: 0, b: 0, a: 1}
      key3: {r: 0, g: 0, b: 0, a: 0}
      key4: {r: 0, g: 0, b: 0, a: 0}
      key5: {r: 0, g: 0, b: 0, a: 0}
      key6: {r: 0, g: 0, b: 0, a: 0}
      key7: {r: 0, g: 0, b: 0, a: 0}
      ctime0: 0
      ctime1: 6554
      ctime2: 11951
      ctime3: 0
      ctime4: 0
      ctime5: 0
      ctime6: 0
      ctime7: 0
      atime0: 0
      atime1: 65535
      atime2: 65535
      atime3: 0
      atime4: 0
      atime5: 0
      atime6: 0
      atime7: 0
      m_Mode: 0
      m_NumColorKeys: 3
      m_NumAlphaKeys: 2
    numCornerVertices: 0
    numCapVertices: 0
    alignment: 0
    textureMode: 0
    shadowBias: 0.5
    generateLightingData: 0
  m_MinVertexDistance: 0.1
  m_Autodestruct: 0
  m_Emitting: 1
--- !u!4 &1041574711
Transform:
  m_ObjectHideFlags: 0
  m_CorrespondingSourceObject: {fileID: 0}
  m_PrefabInstance: {fileID: 0}
  m_PrefabAsset: {fileID: 0}
  m_GameObject: {fileID: 1041574709}
  m_LocalRotation: {x: 0, y: 0, z: 0, w: 1}
  m_LocalPosition: {x: -0.592, y: -1.884, z: 0.16}
  m_LocalScale: {x: 1, y: 1, z: 1}
  m_Children: []
  m_Father: {fileID: 0}
  m_RootOrder: 12
  m_LocalEulerAnglesHint: {x: 0, y: 0, z: 0}
--- !u!1001 &1042617501
PrefabInstance:
  m_ObjectHideFlags: 0
  serializedVersion: 2
  m_Modification:
    m_TransformParent: {fileID: 955258029}
    m_Modifications:
    - target: {fileID: 3434503652509087796, guid: 4626a1aedc5680b44abf92897048598c, type: 3}
      propertyPath: m_Name
      value: DamageMarshmellowPart (1)
      objectReference: {fileID: 0}
    - target: {fileID: 6521031712569714702, guid: 4626a1aedc5680b44abf92897048598c, type: 3}
      propertyPath: m_RootOrder
      value: 2
      objectReference: {fileID: 0}
    - target: {fileID: 6521031712569714702, guid: 4626a1aedc5680b44abf92897048598c, type: 3}
      propertyPath: m_LocalPosition.x
      value: 0
      objectReference: {fileID: 0}
    - target: {fileID: 6521031712569714702, guid: 4626a1aedc5680b44abf92897048598c, type: 3}
      propertyPath: m_LocalPosition.y
      value: 0
      objectReference: {fileID: 0}
    - target: {fileID: 6521031712569714702, guid: 4626a1aedc5680b44abf92897048598c, type: 3}
      propertyPath: m_LocalPosition.z
      value: 0
      objectReference: {fileID: 0}
    - target: {fileID: 6521031712569714702, guid: 4626a1aedc5680b44abf92897048598c, type: 3}
      propertyPath: m_LocalRotation.w
      value: 1
      objectReference: {fileID: 0}
    - target: {fileID: 6521031712569714702, guid: 4626a1aedc5680b44abf92897048598c, type: 3}
      propertyPath: m_LocalRotation.x
      value: 0
      objectReference: {fileID: 0}
    - target: {fileID: 6521031712569714702, guid: 4626a1aedc5680b44abf92897048598c, type: 3}
      propertyPath: m_LocalRotation.y
      value: 0
      objectReference: {fileID: 0}
    - target: {fileID: 6521031712569714702, guid: 4626a1aedc5680b44abf92897048598c, type: 3}
      propertyPath: m_LocalRotation.z
      value: 0
      objectReference: {fileID: 0}
    - target: {fileID: 6521031712569714702, guid: 4626a1aedc5680b44abf92897048598c, type: 3}
      propertyPath: m_LocalEulerAnglesHint.x
      value: 0
      objectReference: {fileID: 0}
    - target: {fileID: 6521031712569714702, guid: 4626a1aedc5680b44abf92897048598c, type: 3}
      propertyPath: m_LocalEulerAnglesHint.y
      value: 0
      objectReference: {fileID: 0}
    - target: {fileID: 6521031712569714702, guid: 4626a1aedc5680b44abf92897048598c, type: 3}
      propertyPath: m_LocalEulerAnglesHint.z
      value: 0
      objectReference: {fileID: 0}
    m_RemovedComponents: []
  m_SourcePrefab: {fileID: 100100000, guid: 4626a1aedc5680b44abf92897048598c, type: 3}
--- !u!137 &1073168778 stripped
SkinnedMeshRenderer:
  m_CorrespondingSourceObject: {fileID: -5046502940045579902, guid: c64cc3ba09dc9484fb78cc20f9b414ee, type: 3}
  m_PrefabInstance: {fileID: 1806586916}
  m_PrefabAsset: {fileID: 0}
--- !u!1 &1254951180
GameObject:
  m_ObjectHideFlags: 0
  m_CorrespondingSourceObject: {fileID: 0}
  m_PrefabInstance: {fileID: 0}
  m_PrefabAsset: {fileID: 0}
  serializedVersion: 6
  m_Component:
  - component: {fileID: 1254951181}
  m_Layer: 0
  m_Name: shootPoint
  m_TagString: Untagged
  m_Icon: {fileID: 0}
  m_NavMeshLayer: 0
  m_StaticEditorFlags: 0
  m_IsActive: 1
--- !u!4 &1254951181
Transform:
  m_ObjectHideFlags: 0
  m_CorrespondingSourceObject: {fileID: 0}
  m_PrefabInstance: {fileID: 0}
  m_PrefabAsset: {fileID: 0}
  m_GameObject: {fileID: 1254951180}
  m_LocalRotation: {x: 0.0000000074505797, y: -0.7071068, z: -0.0000000074505797, w: -0.7071068}
  m_LocalPosition: {x: -2.1809921, y: -0.9227592, z: 0.019999972}
  m_LocalScale: {x: 0.49756184, y: 0.49756196, z: 0.49756184}
  m_Children: []
  m_Father: {fileID: 1809594886}
  m_RootOrder: 2
  m_LocalEulerAnglesHint: {x: 0, y: 0, z: 0}
--- !u!224 &1360434253 stripped
RectTransform:
  m_CorrespondingSourceObject: {fileID: 3475561803724161354, guid: 82e70ace9eef3b94ea58c487e13b9a6f, type: 3}
  m_PrefabInstance: {fileID: 1364660367}
  m_PrefabAsset: {fileID: 0}
--- !u!1001 &1364660367
PrefabInstance:
  m_ObjectHideFlags: 0
  serializedVersion: 2
  m_Modification:
    m_TransformParent: {fileID: 0}
    m_Modifications:
    - target: {fileID: 1660444182, guid: 82e70ace9eef3b94ea58c487e13b9a6f, type: 3}
      propertyPath: m_UpdateMode
      value: 2
      objectReference: {fileID: 0}
    - target: {fileID: 3475561802460207797, guid: 82e70ace9eef3b94ea58c487e13b9a6f, type: 3}
      propertyPath: m_IsActive
      value: 1
      objectReference: {fileID: 0}
    - target: {fileID: 3475561802538090867, guid: 82e70ace9eef3b94ea58c487e13b9a6f, type: 3}
      propertyPath: m_Pivot.x
      value: 0
      objectReference: {fileID: 0}
    - target: {fileID: 3475561802538090867, guid: 82e70ace9eef3b94ea58c487e13b9a6f, type: 3}
      propertyPath: m_Pivot.y
      value: 0
      objectReference: {fileID: 0}
    - target: {fileID: 3475561802538090867, guid: 82e70ace9eef3b94ea58c487e13b9a6f, type: 3}
      propertyPath: m_RootOrder
      value: 10
      objectReference: {fileID: 0}
    - target: {fileID: 3475561802538090867, guid: 82e70ace9eef3b94ea58c487e13b9a6f, type: 3}
      propertyPath: m_AnchorMax.x
      value: 0
      objectReference: {fileID: 0}
    - target: {fileID: 3475561802538090867, guid: 82e70ace9eef3b94ea58c487e13b9a6f, type: 3}
      propertyPath: m_AnchorMax.y
      value: 0
      objectReference: {fileID: 0}
    - target: {fileID: 3475561802538090867, guid: 82e70ace9eef3b94ea58c487e13b9a6f, type: 3}
      propertyPath: m_AnchorMin.x
      value: 0
      objectReference: {fileID: 0}
    - target: {fileID: 3475561802538090867, guid: 82e70ace9eef3b94ea58c487e13b9a6f, type: 3}
      propertyPath: m_AnchorMin.y
      value: 0
      objectReference: {fileID: 0}
    - target: {fileID: 3475561802538090867, guid: 82e70ace9eef3b94ea58c487e13b9a6f, type: 3}
      propertyPath: m_SizeDelta.x
      value: 0
      objectReference: {fileID: 0}
    - target: {fileID: 3475561802538090867, guid: 82e70ace9eef3b94ea58c487e13b9a6f, type: 3}
      propertyPath: m_SizeDelta.y
      value: 0
      objectReference: {fileID: 0}
    - target: {fileID: 3475561802538090867, guid: 82e70ace9eef3b94ea58c487e13b9a6f, type: 3}
      propertyPath: m_LocalPosition.x
      value: 0
      objectReference: {fileID: 0}
    - target: {fileID: 3475561802538090867, guid: 82e70ace9eef3b94ea58c487e13b9a6f, type: 3}
      propertyPath: m_LocalPosition.y
      value: 0
      objectReference: {fileID: 0}
    - target: {fileID: 3475561802538090867, guid: 82e70ace9eef3b94ea58c487e13b9a6f, type: 3}
      propertyPath: m_LocalPosition.z
      value: 0
      objectReference: {fileID: 0}
    - target: {fileID: 3475561802538090867, guid: 82e70ace9eef3b94ea58c487e13b9a6f, type: 3}
      propertyPath: m_LocalRotation.w
      value: 1
      objectReference: {fileID: 0}
    - target: {fileID: 3475561802538090867, guid: 82e70ace9eef3b94ea58c487e13b9a6f, type: 3}
      propertyPath: m_LocalRotation.x
      value: 0
      objectReference: {fileID: 0}
    - target: {fileID: 3475561802538090867, guid: 82e70ace9eef3b94ea58c487e13b9a6f, type: 3}
      propertyPath: m_LocalRotation.y
      value: 0
      objectReference: {fileID: 0}
    - target: {fileID: 3475561802538090867, guid: 82e70ace9eef3b94ea58c487e13b9a6f, type: 3}
      propertyPath: m_LocalRotation.z
      value: 0
      objectReference: {fileID: 0}
    - target: {fileID: 3475561802538090867, guid: 82e70ace9eef3b94ea58c487e13b9a6f, type: 3}
      propertyPath: m_AnchoredPosition.x
      value: 0
      objectReference: {fileID: 0}
    - target: {fileID: 3475561802538090867, guid: 82e70ace9eef3b94ea58c487e13b9a6f, type: 3}
      propertyPath: m_AnchoredPosition.y
      value: 0
      objectReference: {fileID: 0}
    - target: {fileID: 3475561802538090867, guid: 82e70ace9eef3b94ea58c487e13b9a6f, type: 3}
      propertyPath: m_LocalEulerAnglesHint.x
      value: 0
      objectReference: {fileID: 0}
    - target: {fileID: 3475561802538090867, guid: 82e70ace9eef3b94ea58c487e13b9a6f, type: 3}
      propertyPath: m_LocalEulerAnglesHint.y
      value: 0
      objectReference: {fileID: 0}
    - target: {fileID: 3475561802538090867, guid: 82e70ace9eef3b94ea58c487e13b9a6f, type: 3}
      propertyPath: m_LocalEulerAnglesHint.z
      value: 0
      objectReference: {fileID: 0}
    - target: {fileID: 3475561802538090871, guid: 82e70ace9eef3b94ea58c487e13b9a6f, type: 3}
      propertyPath: m_Name
      value: Canvas
      objectReference: {fileID: 0}
    - target: {fileID: 3475561803874042380, guid: 82e70ace9eef3b94ea58c487e13b9a6f, type: 3}
      propertyPath: m_IsActive
      value: 0
      objectReference: {fileID: 0}
    - target: {fileID: 3475561803990881742, guid: 82e70ace9eef3b94ea58c487e13b9a6f, type: 3}
      propertyPath: m_IsActive
      value: 0
      objectReference: {fileID: 0}
    m_RemovedComponents: []
  m_SourcePrefab: {fileID: 100100000, guid: 82e70ace9eef3b94ea58c487e13b9a6f, type: 3}
--- !u!1001 &1536292312
PrefabInstance:
  m_ObjectHideFlags: 0
  serializedVersion: 2
  m_Modification:
    m_TransformParent: {fileID: 1809594886}
    m_Modifications:
    - target: {fileID: 723028453519077047, guid: e34ec79e30d421b49a5a2f68ea6a238d, type: 3}
      propertyPath: target
      value: 
      objectReference: {fileID: 1809594882}
    - target: {fileID: 4841499309523059076, guid: e34ec79e30d421b49a5a2f68ea6a238d, type: 3}
      propertyPath: m_RootOrder
      value: 3
      objectReference: {fileID: 0}
    - target: {fileID: 4841499309523059076, guid: e34ec79e30d421b49a5a2f68ea6a238d, type: 3}
      propertyPath: m_LocalScale.x
      value: 0.49756184
      objectReference: {fileID: 0}
    - target: {fileID: 4841499309523059076, guid: e34ec79e30d421b49a5a2f68ea6a238d, type: 3}
      propertyPath: m_LocalScale.y
      value: 0.49756196
      objectReference: {fileID: 0}
    - target: {fileID: 4841499309523059076, guid: e34ec79e30d421b49a5a2f68ea6a238d, type: 3}
      propertyPath: m_LocalScale.z
      value: 0.49756184
      objectReference: {fileID: 0}
    - target: {fileID: 4841499309523059076, guid: e34ec79e30d421b49a5a2f68ea6a238d, type: 3}
      propertyPath: m_LocalPosition.x
      value: -1.7994293
      objectReference: {fileID: 0}
    - target: {fileID: 4841499309523059076, guid: e34ec79e30d421b49a5a2f68ea6a238d, type: 3}
      propertyPath: m_LocalPosition.y
      value: -0.26659778
      objectReference: {fileID: 0}
    - target: {fileID: 4841499309523059076, guid: e34ec79e30d421b49a5a2f68ea6a238d, type: 3}
      propertyPath: m_LocalPosition.z
      value: 0.039805394
      objectReference: {fileID: 0}
    - target: {fileID: 4841499309523059076, guid: e34ec79e30d421b49a5a2f68ea6a238d, type: 3}
      propertyPath: m_LocalRotation.w
      value: -0.70096856
      objectReference: {fileID: 0}
    - target: {fileID: 4841499309523059076, guid: e34ec79e30d421b49a5a2f68ea6a238d, type: 3}
      propertyPath: m_LocalRotation.x
      value: -0.092968374
      objectReference: {fileID: 0}
    - target: {fileID: 4841499309523059076, guid: e34ec79e30d421b49a5a2f68ea6a238d, type: 3}
      propertyPath: m_LocalRotation.y
      value: -0.70096856
      objectReference: {fileID: 0}
    - target: {fileID: 4841499309523059076, guid: e34ec79e30d421b49a5a2f68ea6a238d, type: 3}
      propertyPath: m_LocalRotation.z
      value: 0.092968374
      objectReference: {fileID: 0}
    - target: {fileID: 4841499309523059076, guid: e34ec79e30d421b49a5a2f68ea6a238d, type: 3}
      propertyPath: m_LocalEulerAnglesHint.x
      value: 0
      objectReference: {fileID: 0}
    - target: {fileID: 4841499309523059076, guid: e34ec79e30d421b49a5a2f68ea6a238d, type: 3}
      propertyPath: m_LocalEulerAnglesHint.y
      value: 0
      objectReference: {fileID: 0}
    - target: {fileID: 4841499309523059076, guid: e34ec79e30d421b49a5a2f68ea6a238d, type: 3}
      propertyPath: m_LocalEulerAnglesHint.z
      value: 0
      objectReference: {fileID: 0}
    - target: {fileID: 4841499309523059077, guid: e34ec79e30d421b49a5a2f68ea6a238d, type: 3}
      propertyPath: canvasAnimator
      value: 
      objectReference: {fileID: 28019665}
    - target: {fileID: 4841499309523059077, guid: e34ec79e30d421b49a5a2f68ea6a238d, type: 3}
      propertyPath: criticalDamageRandomTime.x
      value: 2.3
      objectReference: {fileID: 0}
    - target: {fileID: 4841499309523059077, guid: e34ec79e30d421b49a5a2f68ea6a238d, type: 3}
      propertyPath: criticalDamageRandomTime.y
      value: 4.2
      objectReference: {fileID: 0}
    - target: {fileID: 4841499309523059082, guid: e34ec79e30d421b49a5a2f68ea6a238d, type: 3}
      propertyPath: m_Name
      value: criticalDamage
      objectReference: {fileID: 0}
    - target: {fileID: 7563498419101532847, guid: e34ec79e30d421b49a5a2f68ea6a238d, type: 3}
      propertyPath: m_IsActive
      value: 0
      objectReference: {fileID: 0}
    m_RemovedComponents: []
  m_SourcePrefab: {fileID: 100100000, guid: e34ec79e30d421b49a5a2f68ea6a238d, type: 3}
--- !u!1 &1581241471
GameObject:
  m_ObjectHideFlags: 0
  m_CorrespondingSourceObject: {fileID: 0}
  m_PrefabInstance: {fileID: 0}
  m_PrefabAsset: {fileID: 0}
  serializedVersion: 6
  m_Component:
  - component: {fileID: 1581241474}
  - component: {fileID: 1581241473}
  - component: {fileID: 1581241472}
  - component: {fileID: 1581241477}
  - component: {fileID: 1581241476}
  - component: {fileID: 1581241475}
  m_Layer: 0
  m_Name: projectile
  m_TagString: Untagged
  m_Icon: {fileID: 0}
  m_NavMeshLayer: 0
  m_StaticEditorFlags: 0
  m_IsActive: 1
--- !u!23 &1581241472
MeshRenderer:
  m_ObjectHideFlags: 0
  m_CorrespondingSourceObject: {fileID: 0}
  m_PrefabInstance: {fileID: 0}
  m_PrefabAsset: {fileID: 0}
  m_GameObject: {fileID: 1581241471}
  m_Enabled: 1
  m_CastShadows: 1
  m_ReceiveShadows: 1
  m_DynamicOccludee: 1
  m_MotionVectors: 1
  m_LightProbeUsage: 1
  m_ReflectionProbeUsage: 1
  m_RayTracingMode: 2
  m_RayTraceProcedural: 0
  m_RenderingLayerMask: 1
  m_RendererPriority: 0
  m_Materials:
  - {fileID: 2100000, guid: 10db0c783e8c0fc41962daddd1c0ed86, type: 2}
  m_StaticBatchInfo:
    firstSubMesh: 0
    subMeshCount: 0
  m_StaticBatchRoot: {fileID: 0}
  m_ProbeAnchor: {fileID: 0}
  m_LightProbeVolumeOverride: {fileID: 0}
  m_ScaleInLightmap: 1
  m_ReceiveGI: 1
  m_PreserveUVs: 0
  m_IgnoreNormalsForChartDetection: 0
  m_ImportantGI: 0
  m_StitchLightmapSeams: 1
  m_SelectedEditorRenderState: 3
  m_MinimumChartSize: 4
  m_AutoUVMaxDistance: 0.5
  m_AutoUVMaxAngle: 89
  m_LightmapParameters: {fileID: 0}
  m_SortingLayerID: 0
  m_SortingLayer: 0
  m_SortingOrder: 0
  m_AdditionalVertexStreams: {fileID: 0}
--- !u!33 &1581241473
MeshFilter:
  m_ObjectHideFlags: 0
  m_CorrespondingSourceObject: {fileID: 0}
  m_PrefabInstance: {fileID: 0}
  m_PrefabAsset: {fileID: 0}
  m_GameObject: {fileID: 1581241471}
  m_Mesh: {fileID: 4711208715938537054, guid: abd2988d9de6cd14cb9fb5a059eeb848, type: 3}
--- !u!4 &1581241474
Transform:
  m_ObjectHideFlags: 0
  m_CorrespondingSourceObject: {fileID: 0}
  m_PrefabInstance: {fileID: 0}
  m_PrefabAsset: {fileID: 0}
  m_GameObject: {fileID: 1581241471}
  m_LocalRotation: {x: 0.36097708, y: 0.57730734, z: -0.3397301, w: 0.64884144}
  m_LocalPosition: {x: -9.352599, y: -113.9, z: -90.68721}
  m_LocalScale: {x: 80, y: 80, z: 80}
  m_Children: []
  m_Father: {fileID: 0}
  m_RootOrder: 9
  m_LocalEulerAnglesHint: {x: 0, y: 0, z: 0}
--- !u!114 &1581241475
MonoBehaviour:
  m_ObjectHideFlags: 0
  m_CorrespondingSourceObject: {fileID: 0}
  m_PrefabInstance: {fileID: 0}
  m_PrefabAsset: {fileID: 0}
  m_GameObject: {fileID: 1581241471}
  m_Enabled: 1
  m_EditorHideFlags: 0
  m_Script: {fileID: 11500000, guid: e371d73b3b2592a42b81188fe947f45f, type: 3}
  m_Name: 
  m_EditorClassIdentifier: 
  randomSpawn: 0
  moveType: 1
  player: {fileID: 540624192}
  speedMove: 3
  speedSpawn: 11
--- !u!114 &1581241476
MonoBehaviour:
  m_ObjectHideFlags: 0
  m_CorrespondingSourceObject: {fileID: 0}
  m_PrefabInstance: {fileID: 0}
  m_PrefabAsset: {fileID: 0}
  m_GameObject: {fileID: 1581241471}
  m_Enabled: 1
  m_EditorHideFlags: 0
  m_Script: {fileID: 11500000, guid: 0421107a47118fa41b659e71f3bf01a1, type: 3}
  m_Name: 
  m_EditorClassIdentifier: 
  randomResist: 0
  hp: 0
  maxHp: 2
  resist: 2
  hpBarBG: {fileID: 0}
  hpBarImage: {fileID: 0}
  deathParticle: {fileID: 4480094395585194968, guid: fc5ac1eb71ccee04b9d3ca0f44fbfc8e, type: 3}
  rendererMaterial: {fileID: 0}
  target: {fileID: 0}
  money: {x: 0, y: 0}
  cameraController: {fileID: 0}
  canvasAnimator: {fileID: 0}
--- !u!65 &1581241477
BoxCollider:
  m_ObjectHideFlags: 0
  m_CorrespondingSourceObject: {fileID: 0}
  m_PrefabInstance: {fileID: 0}
  m_PrefabAsset: {fileID: 0}
  m_GameObject: {fileID: 1581241471}
  m_Material: {fileID: 0}
  m_IsTrigger: 0
  m_Enabled: 1
  serializedVersion: 2
  m_Size: {x: 0.043041766, y: 0.042818625, z: 0.048758756}
  m_Center: {x: 0.00000023934984, y: -0.000000003725287, z: -0.000000031664968}
--- !u!1 &1583946621
GameObject:
  m_ObjectHideFlags: 0
  m_CorrespondingSourceObject: {fileID: 0}
  m_PrefabInstance: {fileID: 0}
  m_PrefabAsset: {fileID: 0}
  serializedVersion: 6
  m_Component:
  - component: {fileID: 1583946623}
  - component: {fileID: 1583946622}
  m_Layer: 0
  m_Name: MAIN
  m_TagString: Untagged
  m_Icon: {fileID: 0}
  m_NavMeshLayer: 0
  m_StaticEditorFlags: 0
  m_IsActive: 1
--- !u!114 &1583946622
MonoBehaviour:
  m_ObjectHideFlags: 0
  m_CorrespondingSourceObject: {fileID: 0}
  m_PrefabInstance: {fileID: 0}
  m_PrefabAsset: {fileID: 0}
  m_GameObject: {fileID: 1583946621}
  m_Enabled: 1
  m_EditorHideFlags: 0
  m_Script: {fileID: 11500000, guid: 20f14ed78e226e44eb9c7ab419ed639a, type: 3}
  m_Name: 
  m_EditorClassIdentifier: 
  speedMove: 5
  moveDelay: 2
  rooms:
  - points: []
    doors: []
    ghosts:
    - {fileID: 1809594881}
    - {fileID: 1581241471}
    spawnPoints: []
  allGhosts: []
  _xray: {fileID: 0}
--- !u!4 &1583946623
Transform:
  m_ObjectHideFlags: 0
  m_CorrespondingSourceObject: {fileID: 0}
  m_PrefabInstance: {fileID: 0}
  m_PrefabAsset: {fileID: 0}
  m_GameObject: {fileID: 1583946621}
  m_LocalRotation: {x: 0, y: 0, z: 0, w: 1}
  m_LocalPosition: {x: -0.2800002, y: 4.3600006, z: -122.55}
  m_LocalScale: {x: 1, y: 1, z: 1}
  m_Children: []
  m_Father: {fileID: 0}
  m_RootOrder: 0
  m_LocalEulerAnglesHint: {x: 0, y: 0, z: 0}
--- !u!4 &1655790612 stripped
Transform:
  m_CorrespondingSourceObject: {fileID: 1454150539096614824, guid: f05f954d49ab24e499a08e1351cae7b0, type: 3}
  m_PrefabInstance: {fileID: 2007982156}
  m_PrefabAsset: {fileID: 0}
--- !u!1001 &1806586916
PrefabInstance:
  m_ObjectHideFlags: 0
  serializedVersion: 2
  m_Modification:
    m_TransformParent: {fileID: 0}
    m_Modifications:
    - target: {fileID: -8679921383154817045, guid: c64cc3ba09dc9484fb78cc20f9b414ee, type: 3}
      propertyPath: m_RootOrder
      value: 1
      objectReference: {fileID: 0}
    - target: {fileID: -8679921383154817045, guid: c64cc3ba09dc9484fb78cc20f9b414ee, type: 3}
      propertyPath: m_LocalScale.x
      value: 2.0098
      objectReference: {fileID: 0}
    - target: {fileID: -8679921383154817045, guid: c64cc3ba09dc9484fb78cc20f9b414ee, type: 3}
      propertyPath: m_LocalScale.y
      value: 2.0098
      objectReference: {fileID: 0}
    - target: {fileID: -8679921383154817045, guid: c64cc3ba09dc9484fb78cc20f9b414ee, type: 3}
      propertyPath: m_LocalScale.z
      value: 2.0098
      objectReference: {fileID: 0}
    - target: {fileID: -8679921383154817045, guid: c64cc3ba09dc9484fb78cc20f9b414ee, type: 3}
      propertyPath: m_LocalPosition.x
      value: -0.46
      objectReference: {fileID: 0}
    - target: {fileID: -8679921383154817045, guid: c64cc3ba09dc9484fb78cc20f9b414ee, type: 3}
      propertyPath: m_LocalPosition.y
      value: 19.81
      objectReference: {fileID: 0}
    - target: {fileID: -8679921383154817045, guid: c64cc3ba09dc9484fb78cc20f9b414ee, type: 3}
      propertyPath: m_LocalPosition.z
      value: -93.44
      objectReference: {fileID: 0}
    - target: {fileID: -8679921383154817045, guid: c64cc3ba09dc9484fb78cc20f9b414ee, type: 3}
      propertyPath: m_LocalRotation.w
      value: -0.70096856
      objectReference: {fileID: 0}
    - target: {fileID: -8679921383154817045, guid: c64cc3ba09dc9484fb78cc20f9b414ee, type: 3}
      propertyPath: m_LocalRotation.x
      value: 0.092968374
      objectReference: {fileID: 0}
    - target: {fileID: -8679921383154817045, guid: c64cc3ba09dc9484fb78cc20f9b414ee, type: 3}
      propertyPath: m_LocalRotation.y
      value: 0.70096856
      objectReference: {fileID: 0}
    - target: {fileID: -8679921383154817045, guid: c64cc3ba09dc9484fb78cc20f9b414ee, type: 3}
      propertyPath: m_LocalRotation.z
      value: -0.092968374
      objectReference: {fileID: 0}
    - target: {fileID: -8679921383154817045, guid: c64cc3ba09dc9484fb78cc20f9b414ee, type: 3}
      propertyPath: m_LocalEulerAnglesHint.x
      value: 0
      objectReference: {fileID: 0}
    - target: {fileID: -8679921383154817045, guid: c64cc3ba09dc9484fb78cc20f9b414ee, type: 3}
      propertyPath: m_LocalEulerAnglesHint.y
      value: 270
      objectReference: {fileID: 0}
    - target: {fileID: -8679921383154817045, guid: c64cc3ba09dc9484fb78cc20f9b414ee, type: 3}
      propertyPath: m_LocalEulerAnglesHint.z
      value: 15.11
      objectReference: {fileID: 0}
    - target: {fileID: -5046502940045579902, guid: c64cc3ba09dc9484fb78cc20f9b414ee, type: 3}
      propertyPath: m_Materials.Array.data[0]
      value: 
      objectReference: {fileID: 2100000, guid: 10db0c783e8c0fc41962daddd1c0ed86, type: 2}
    - target: {fileID: 919132149155446097, guid: c64cc3ba09dc9484fb78cc20f9b414ee, type: 3}
      propertyPath: m_Name
      value: Marshmellow1
      objectReference: {fileID: 0}
    m_RemovedComponents: []
  m_SourcePrefab: {fileID: 100100000, guid: c64cc3ba09dc9484fb78cc20f9b414ee, type: 3}
--- !u!1 &1809594881 stripped
GameObject:
  m_CorrespondingSourceObject: {fileID: 919132149155446097, guid: c64cc3ba09dc9484fb78cc20f9b414ee, type: 3}
  m_PrefabInstance: {fileID: 1806586916}
  m_PrefabAsset: {fileID: 0}
--- !u!114 &1809594882
MonoBehaviour:
  m_ObjectHideFlags: 0
  m_CorrespondingSourceObject: {fileID: 0}
  m_PrefabInstance: {fileID: 0}
  m_PrefabAsset: {fileID: 0}
  m_GameObject: {fileID: 1809594881}
  m_Enabled: 1
  m_EditorHideFlags: 0
  m_Script: {fileID: 11500000, guid: 1348e06d8f76fc8489a26a56d8caa4c5, type: 3}
  m_Name: 
  m_EditorClassIdentifier: 
  randomResist: 0
  hp: 0
  maxHp: 25
  resist: 1
  hpBarBG: {fileID: 1655790612}
  hpBarImage: {fileID: 0}
  deathParticle: {fileID: 4480094395585194968, guid: fc5ac1eb71ccee04b9d3ca0f44fbfc8e, type: 3}
  rendererMaterial: {fileID: 1073168778}
  target: {fileID: 0}
  money: {x: 0, y: 0}
  cameraController: {fileID: 0}
  canvasAnimator: {fileID: 0}
  projectile: {fileID: 1581241471}
  shotPoint: {fileID: 1254951181}
  fireRate: 5
  animationDelay: 1.6
  animator: {fileID: 1809594883}
--- !u!95 &1809594883
Animator:
  serializedVersion: 3
  m_ObjectHideFlags: 0
  m_CorrespondingSourceObject: {fileID: 0}
  m_PrefabInstance: {fileID: 0}
  m_PrefabAsset: {fileID: 0}
  m_GameObject: {fileID: 1809594881}
  m_Enabled: 1
  m_Avatar: {fileID: 9000000, guid: abd2988d9de6cd14cb9fb5a059eeb848, type: 3}
  m_Controller: {fileID: 9100000, guid: fa4f94ead45a0264a979281e62a4ce45, type: 2}
  m_CullingMode: 1
  m_UpdateMode: 0
  m_ApplyRootMotion: 0
  m_LinearVelocityBlending: 0
  m_WarningMessage: 
  m_HasTransformHierarchy: 1
  m_AllowConstantClipSamplingOptimization: 1
  m_KeepAnimatorControllerStateOnDisable: 0
--- !u!135 &1809594884
SphereCollider:
  m_ObjectHideFlags: 0
  m_CorrespondingSourceObject: {fileID: 0}
  m_PrefabInstance: {fileID: 0}
  m_PrefabAsset: {fileID: 0}
  m_GameObject: {fileID: 1809594881}
  m_Material: {fileID: 0}
  m_IsTrigger: 0
  m_Enabled: 1
  serializedVersion: 2
  m_Radius: 1.4597008
  m_Center: {x: 0.0000007823473, y: -0.06, z: 0.060300164}
--- !u!136 &1809594885
CapsuleCollider:
  m_ObjectHideFlags: 0
  m_CorrespondingSourceObject: {fileID: 0}
  m_PrefabInstance: {fileID: 0}
  m_PrefabAsset: {fileID: 0}
  m_GameObject: {fileID: 1809594881}
  m_Material: {fileID: 0}
  m_IsTrigger: 0
  m_Enabled: 1
  m_Radius: 2.0104198
  m_Height: 7.4587092
  m_Direction: 2
  m_Center: {x: -0.067229375, y: -2.82, z: 0.15546581}
--- !u!4 &1809594886 stripped
Transform:
  m_CorrespondingSourceObject: {fileID: -8679921383154817045, guid: c64cc3ba09dc9484fb78cc20f9b414ee, type: 3}
  m_PrefabInstance: {fileID: 1806586916}
  m_PrefabAsset: {fileID: 0}
--- !u!1 &1813037268
GameObject:
  m_ObjectHideFlags: 0
  m_CorrespondingSourceObject: {fileID: 0}
  m_PrefabInstance: {fileID: 0}
  m_PrefabAsset: {fileID: 0}
  serializedVersion: 6
  m_Component:
  - component: {fileID: 1813037270}
  - component: {fileID: 1813037269}
  m_Layer: 0
  m_Name: Directional Light
  m_TagString: Untagged
  m_Icon: {fileID: 0}
  m_NavMeshLayer: 0
  m_StaticEditorFlags: 0
  m_IsActive: 1
--- !u!108 &1813037269
Light:
  m_ObjectHideFlags: 0
  m_CorrespondingSourceObject: {fileID: 0}
  m_PrefabInstance: {fileID: 0}
  m_PrefabAsset: {fileID: 0}
  m_GameObject: {fileID: 1813037268}
  m_Enabled: 1
  serializedVersion: 10
  m_Type: 1
  m_Shape: 0
  m_Color: {r: 0.759688, g: 0.6933962, b: 1, a: 1}
  m_Intensity: 1
  m_Range: 10
  m_SpotAngle: 30
  m_InnerSpotAngle: 21.80208
  m_CookieSize: 10
  m_Shadows:
    m_Type: 1
    m_Resolution: -1
    m_CustomResolution: -1
    m_Strength: 1
    m_Bias: 0.05
    m_NormalBias: 0.4
    m_NearPlane: 0.2
    m_CullingMatrixOverride:
      e00: 1
      e01: 0
      e02: 0
      e03: 0
      e10: 0
      e11: 1
      e12: 0
      e13: 0
      e20: 0
      e21: 0
      e22: 1
      e23: 0
      e30: 0
      e31: 0
      e32: 0
      e33: 1
    m_UseCullingMatrixOverride: 0
  m_Cookie: {fileID: 0}
  m_DrawHalo: 0
  m_Flare: {fileID: 0}
  m_RenderMode: 0
  m_CullingMask:
    serializedVersion: 2
    m_Bits: 4294967295
  m_RenderingLayerMask: 1
  m_Lightmapping: 4
  m_LightShadowCasterMode: 0
  m_AreaSize: {x: 1, y: 1}
  m_BounceIntensity: 1
  m_ColorTemperature: 6570
  m_UseColorTemperature: 0
  m_BoundingSphereOverride: {x: 0, y: 0, z: 0, w: 0}
  m_UseBoundingSphereOverride: 0
  m_UseViewFrustumForShadowCasterCull: 1
  m_ShadowRadius: 0
  m_ShadowAngle: 0
--- !u!4 &1813037270
Transform:
  m_ObjectHideFlags: 0
  m_CorrespondingSourceObject: {fileID: 0}
  m_PrefabInstance: {fileID: 0}
  m_PrefabAsset: {fileID: 0}
  m_GameObject: {fileID: 1813037268}
  m_LocalRotation: {x: 0.36786067, y: 0.10989716, z: -0.07359184, w: 0.9204268}
  m_LocalPosition: {x: 0, y: 3, z: 0}
  m_LocalScale: {x: 1, y: 1, z: 1}
  m_Children: []
  m_Father: {fileID: 0}
  m_RootOrder: 8
  m_LocalEulerAnglesHint: {x: 43.896, y: 11.865, z: -4.347}
--- !u!1001 &1984145802
PrefabInstance:
  m_ObjectHideFlags: 0
  serializedVersion: 2
  m_Modification:
    m_TransformParent: {fileID: 0}
    m_Modifications:
    - target: {fileID: 2779357271268702136, guid: e0d1fb049f2ee0f40a344edf65b243a6, type: 3}
      propertyPath: m_Name
      value: Player
      objectReference: {fileID: 0}
    - target: {fileID: 2779357271268702139, guid: e0d1fb049f2ee0f40a344edf65b243a6, type: 3}
      propertyPath: m_RootOrder
      value: 6
      objectReference: {fileID: 0}
    - target: {fileID: 2779357271268702139, guid: e0d1fb049f2ee0f40a344edf65b243a6, type: 3}
      propertyPath: m_LocalPosition.x
      value: -0.54
      objectReference: {fileID: 0}
    - target: {fileID: 2779357271268702139, guid: e0d1fb049f2ee0f40a344edf65b243a6, type: 3}
      propertyPath: m_LocalPosition.y
      value: 15.469999
      objectReference: {fileID: 0}
    - target: {fileID: 2779357271268702139, guid: e0d1fb049f2ee0f40a344edf65b243a6, type: 3}
      propertyPath: m_LocalPosition.z
      value: -107.35
      objectReference: {fileID: 0}
    - target: {fileID: 2779357271268702139, guid: e0d1fb049f2ee0f40a344edf65b243a6, type: 3}
      propertyPath: m_LocalRotation.w
      value: 1
      objectReference: {fileID: 0}
    - target: {fileID: 2779357271268702139, guid: e0d1fb049f2ee0f40a344edf65b243a6, type: 3}
      propertyPath: m_LocalRotation.x
      value: 0
      objectReference: {fileID: 0}
    - target: {fileID: 2779357271268702139, guid: e0d1fb049f2ee0f40a344edf65b243a6, type: 3}
      propertyPath: m_LocalRotation.y
      value: -0.00003482915
      objectReference: {fileID: 0}
    - target: {fileID: 2779357271268702139, guid: e0d1fb049f2ee0f40a344edf65b243a6, type: 3}
      propertyPath: m_LocalRotation.z
      value: 0
      objectReference: {fileID: 0}
    - target: {fileID: 2779357271268702139, guid: e0d1fb049f2ee0f40a344edf65b243a6, type: 3}
      propertyPath: m_LocalEulerAnglesHint.x
      value: 0
      objectReference: {fileID: 0}
    - target: {fileID: 2779357271268702139, guid: e0d1fb049f2ee0f40a344edf65b243a6, type: 3}
      propertyPath: m_LocalEulerAnglesHint.y
      value: -0.004
      objectReference: {fileID: 0}
    - target: {fileID: 2779357271268702139, guid: e0d1fb049f2ee0f40a344edf65b243a6, type: 3}
      propertyPath: m_LocalEulerAnglesHint.z
      value: 0
      objectReference: {fileID: 0}
    - target: {fileID: 2779357271268702142, guid: e0d1fb049f2ee0f40a344edf65b243a6, type: 3}
      propertyPath: collisionGhost
      value: 
      objectReference: {fileID: 692626002}
    - target: {fileID: 2779357271268702143, guid: e0d1fb049f2ee0f40a344edf65b243a6, type: 3}
      propertyPath: crosshair
      value: 
      objectReference: {fileID: 1360434253}
    m_RemovedComponents: []
  m_SourcePrefab: {fileID: 100100000, guid: e0d1fb049f2ee0f40a344edf65b243a6, type: 3}
--- !u!1001 &2007982156
PrefabInstance:
  m_ObjectHideFlags: 0
  serializedVersion: 2
  m_Modification:
    m_TransformParent: {fileID: 0}
    m_Modifications:
    - target: {fileID: 177770014957654295, guid: f05f954d49ab24e499a08e1351cae7b0, type: 3}
      propertyPath: m_DrawMode
      value: 0
      objectReference: {fileID: 0}
    - target: {fileID: 1454150539096614824, guid: f05f954d49ab24e499a08e1351cae7b0, type: 3}
      propertyPath: m_RootOrder
      value: 7
      objectReference: {fileID: 0}
    - target: {fileID: 1454150539096614824, guid: f05f954d49ab24e499a08e1351cae7b0, type: 3}
      propertyPath: m_LocalScale.x
      value: 2
      objectReference: {fileID: 0}
    - target: {fileID: 1454150539096614824, guid: f05f954d49ab24e499a08e1351cae7b0, type: 3}
      propertyPath: m_LocalScale.y
      value: 1.25
      objectReference: {fileID: 0}
    - target: {fileID: 1454150539096614824, guid: f05f954d49ab24e499a08e1351cae7b0, type: 3}
      propertyPath: m_LocalPosition.x
      value: -0.5
      objectReference: {fileID: 0}
    - target: {fileID: 1454150539096614824, guid: f05f954d49ab24e499a08e1351cae7b0, type: 3}
      propertyPath: m_LocalPosition.y
      value: 22.86
      objectReference: {fileID: 0}
    - target: {fileID: 1454150539096614824, guid: f05f954d49ab24e499a08e1351cae7b0, type: 3}
      propertyPath: m_LocalPosition.z
      value: -94.34
      objectReference: {fileID: 0}
    - target: {fileID: 1454150539096614824, guid: f05f954d49ab24e499a08e1351cae7b0, type: 3}
      propertyPath: m_LocalRotation.w
      value: 0
      objectReference: {fileID: 0}
    - target: {fileID: 1454150539096614824, guid: f05f954d49ab24e499a08e1351cae7b0, type: 3}
      propertyPath: m_LocalRotation.x
      value: 0
      objectReference: {fileID: 0}
    - target: {fileID: 1454150539096614824, guid: f05f954d49ab24e499a08e1351cae7b0, type: 3}
      propertyPath: m_LocalRotation.y
      value: 1
      objectReference: {fileID: 0}
    - target: {fileID: 1454150539096614824, guid: f05f954d49ab24e499a08e1351cae7b0, type: 3}
      propertyPath: m_LocalRotation.z
      value: 0
      objectReference: {fileID: 0}
    - target: {fileID: 1454150539096614824, guid: f05f954d49ab24e499a08e1351cae7b0, type: 3}
      propertyPath: m_LocalEulerAnglesHint.x
      value: 0
      objectReference: {fileID: 0}
    - target: {fileID: 1454150539096614824, guid: f05f954d49ab24e499a08e1351cae7b0, type: 3}
      propertyPath: m_LocalEulerAnglesHint.y
      value: 180
      objectReference: {fileID: 0}
    - target: {fileID: 1454150539096614824, guid: f05f954d49ab24e499a08e1351cae7b0, type: 3}
      propertyPath: m_LocalEulerAnglesHint.z
      value: 0
      objectReference: {fileID: 0}
    - target: {fileID: 6298484691904365086, guid: f05f954d49ab24e499a08e1351cae7b0, type: 3}
      propertyPath: m_Name
      value: hpBgBoss
      objectReference: {fileID: 0}
    m_RemovedComponents: []
  m_SourcePrefab: {fileID: 100100000, guid: f05f954d49ab24e499a08e1351cae7b0, type: 3}
--- !u!23 &263756357494577643
MeshRenderer:
  m_ObjectHideFlags: 0
  m_CorrespondingSourceObject: {fileID: 0}
  m_PrefabInstance: {fileID: 0}
  m_PrefabAsset: {fileID: 0}
  m_GameObject: {fileID: 1208961812854111210}
  m_Enabled: 1
  m_CastShadows: 1
  m_ReceiveShadows: 1
  m_DynamicOccludee: 1
  m_MotionVectors: 1
  m_LightProbeUsage: 1
  m_ReflectionProbeUsage: 1
  m_RayTracingMode: 2
  m_RayTraceProcedural: 0
  m_RenderingLayerMask: 1
  m_RendererPriority: 0
  m_Materials:
  - {fileID: 2100000, guid: 81154d8732282974db09b9466c61bb42, type: 2}
  m_StaticBatchInfo:
    firstSubMesh: 0
    subMeshCount: 0
  m_StaticBatchRoot: {fileID: 0}
  m_ProbeAnchor: {fileID: 0}
  m_LightProbeVolumeOverride: {fileID: 0}
  m_ScaleInLightmap: 1
  m_ReceiveGI: 1
  m_PreserveUVs: 0
  m_IgnoreNormalsForChartDetection: 0
  m_ImportantGI: 0
  m_StitchLightmapSeams: 1
  m_SelectedEditorRenderState: 3
  m_MinimumChartSize: 4
  m_AutoUVMaxDistance: 0.5
  m_AutoUVMaxAngle: 89
  m_LightmapParameters: {fileID: 0}
  m_SortingLayerID: 0
  m_SortingLayer: 0
  m_SortingOrder: 0
  m_AdditionalVertexStreams: {fileID: 0}
--- !u!1 &832219366532806354
GameObject:
  m_ObjectHideFlags: 0
  m_CorrespondingSourceObject: {fileID: 0}
  m_PrefabInstance: {fileID: 0}
  m_PrefabAsset: {fileID: 0}
  serializedVersion: 6
  m_Component:
  - component: {fileID: 6143184789398859450}
  - component: {fileID: 7704703832639389445}
  - component: {fileID: 9056741175267094743}
  m_Layer: 0
  m_Name: Cube.009
  m_TagString: Untagged
  m_Icon: {fileID: 0}
  m_NavMeshLayer: 0
  m_StaticEditorFlags: 0
  m_IsActive: 1
--- !u!1 &1208961812854111210
GameObject:
  m_ObjectHideFlags: 0
  m_CorrespondingSourceObject: {fileID: 0}
  m_PrefabInstance: {fileID: 0}
  m_PrefabAsset: {fileID: 0}
  serializedVersion: 6
  m_Component:
  - component: {fileID: 5817218546939290199}
  - component: {fileID: 4994882010926579834}
  - component: {fileID: 263756357494577643}
  m_Layer: 0
  m_Name: Cube.001
  m_TagString: Untagged
  m_Icon: {fileID: 0}
  m_NavMeshLayer: 0
  m_StaticEditorFlags: 0
  m_IsActive: 1
--- !u!33 &1398423907646530368
MeshFilter:
  m_ObjectHideFlags: 0
  m_CorrespondingSourceObject: {fileID: 0}
  m_PrefabInstance: {fileID: 0}
  m_PrefabAsset: {fileID: 0}
  m_GameObject: {fileID: 9071977818961161112}
  m_Mesh: {fileID: -5053925668127403250, guid: 8db1932a9f5ccde46990d1e566d82e90, type: 3}
--- !u!33 &2508960892978848396
MeshFilter:
  m_ObjectHideFlags: 0
  m_CorrespondingSourceObject: {fileID: 0}
  m_PrefabInstance: {fileID: 0}
  m_PrefabAsset: {fileID: 0}
  m_GameObject: {fileID: 8992036116825778869}
  m_Mesh: {fileID: -2865104911859505335, guid: 8db1932a9f5ccde46990d1e566d82e90, type: 3}
--- !u!4 &3140492810048162325
Transform:
  m_ObjectHideFlags: 0
  m_CorrespondingSourceObject: {fileID: 0}
  m_PrefabInstance: {fileID: 0}
  m_PrefabAsset: {fileID: 0}
  m_GameObject: {fileID: 9071977818961161112}
  m_LocalRotation: {x: -0.7071068, y: -0, z: -0, w: 0.7071067}
  m_LocalPosition: {x: -0.2, y: -21.55, z: -106.66}
  m_LocalScale: {x: 100, y: 99.999985, z: 99.999985}
  m_Children: []
  m_Father: {fileID: 0}
  m_RootOrder: 3
  m_LocalEulerAnglesHint: {x: 0, y: 0, z: 0}
--- !u!23 &4863428188163103676
MeshRenderer:
  m_ObjectHideFlags: 0
  m_CorrespondingSourceObject: {fileID: 0}
  m_PrefabInstance: {fileID: 0}
  m_PrefabAsset: {fileID: 0}
  m_GameObject: {fileID: 9071977818961161112}
  m_Enabled: 1
  m_CastShadows: 1
  m_ReceiveShadows: 1
  m_DynamicOccludee: 1
  m_MotionVectors: 1
  m_LightProbeUsage: 1
  m_ReflectionProbeUsage: 1
  m_RayTracingMode: 2
  m_RayTraceProcedural: 0
  m_RenderingLayerMask: 1
  m_RendererPriority: 0
  m_Materials:
  - {fileID: 2100000, guid: 81154d8732282974db09b9466c61bb42, type: 2}
  m_StaticBatchInfo:
    firstSubMesh: 0
    subMeshCount: 0
  m_StaticBatchRoot: {fileID: 0}
  m_ProbeAnchor: {fileID: 0}
  m_LightProbeVolumeOverride: {fileID: 0}
  m_ScaleInLightmap: 1
  m_ReceiveGI: 1
  m_PreserveUVs: 0
  m_IgnoreNormalsForChartDetection: 0
  m_ImportantGI: 0
  m_StitchLightmapSeams: 1
  m_SelectedEditorRenderState: 3
  m_MinimumChartSize: 4
  m_AutoUVMaxDistance: 0.5
  m_AutoUVMaxAngle: 89
  m_LightmapParameters: {fileID: 0}
  m_SortingLayerID: 0
  m_SortingLayer: 0
  m_SortingOrder: 0
  m_AdditionalVertexStreams: {fileID: 0}
--- !u!33 &4994882010926579834
MeshFilter:
  m_ObjectHideFlags: 0
  m_CorrespondingSourceObject: {fileID: 0}
  m_PrefabInstance: {fileID: 0}
  m_PrefabAsset: {fileID: 0}
  m_GameObject: {fileID: 1208961812854111210}
  m_Mesh: {fileID: 4493585093827132993, guid: 8db1932a9f5ccde46990d1e566d82e90, type: 3}
--- !u!4 &5817218546939290199
Transform:
  m_ObjectHideFlags: 0
  m_CorrespondingSourceObject: {fileID: 0}
  m_PrefabInstance: {fileID: 0}
  m_PrefabAsset: {fileID: 0}
  m_GameObject: {fileID: 1208961812854111210}
  m_LocalRotation: {x: -0.7071068, y: -0, z: -0, w: 0.7071067}
  m_LocalPosition: {x: 19.4, y: 2, z: -42.7}
  m_LocalScale: {x: 100, y: 99.999985, z: 99.999985}
  m_Children: []
  m_Father: {fileID: 0}
  m_RootOrder: 2
  m_LocalEulerAnglesHint: {x: 0, y: 0, z: 0}
--- !u!4 &6143184789398859450
Transform:
  m_ObjectHideFlags: 0
  m_CorrespondingSourceObject: {fileID: 0}
  m_PrefabInstance: {fileID: 0}
  m_PrefabAsset: {fileID: 0}
  m_GameObject: {fileID: 832219366532806354}
  m_LocalRotation: {x: -0.7071068, y: -0, z: -0, w: 0.7071067}
  m_LocalPosition: {x: -12.5, y: 2, z: -47}
  m_LocalScale: {x: 100, y: 99.999985, z: 99.999985}
  m_Children: []
  m_Father: {fileID: 0}
  m_RootOrder: 4
  m_LocalEulerAnglesHint: {x: 0, y: 0, z: 0}
--- !u!33 &7704703832639389445
MeshFilter:
  m_ObjectHideFlags: 0
  m_CorrespondingSourceObject: {fileID: 0}
  m_PrefabInstance: {fileID: 0}
  m_PrefabAsset: {fileID: 0}
  m_GameObject: {fileID: 832219366532806354}
  m_Mesh: {fileID: -2477511411847689622, guid: 8db1932a9f5ccde46990d1e566d82e90, type: 3}
--- !u!4 &7800482676426066146
Transform:
  m_ObjectHideFlags: 0
  m_CorrespondingSourceObject: {fileID: 0}
  m_PrefabInstance: {fileID: 0}
  m_PrefabAsset: {fileID: 0}
  m_GameObject: {fileID: 8992036116825778869}
  m_LocalRotation: {x: -0.7071068, y: -0, z: -0, w: 0.7071067}
  m_LocalPosition: {x: 13.5, y: 12.3, z: -20.2}
  m_LocalScale: {x: 100, y: 99.999985, z: 99.999985}
  m_Children: []
  m_Father: {fileID: 0}
  m_RootOrder: 5
  m_LocalEulerAnglesHint: {x: 0, y: 0, z: 0}
--- !u!23 &7825177114629068872
MeshRenderer:
  m_ObjectHideFlags: 0
  m_CorrespondingSourceObject: {fileID: 0}
  m_PrefabInstance: {fileID: 0}
  m_PrefabAsset: {fileID: 0}
  m_GameObject: {fileID: 8992036116825778869}
  m_Enabled: 1
  m_CastShadows: 1
  m_ReceiveShadows: 1
  m_DynamicOccludee: 1
  m_MotionVectors: 1
  m_LightProbeUsage: 1
  m_ReflectionProbeUsage: 1
  m_RayTracingMode: 2
  m_RayTraceProcedural: 0
  m_RenderingLayerMask: 1
  m_RendererPriority: 0
  m_Materials:
  - {fileID: 2100000, guid: 81154d8732282974db09b9466c61bb42, type: 2}
  m_StaticBatchInfo:
    firstSubMesh: 0
    subMeshCount: 0
  m_StaticBatchRoot: {fileID: 0}
  m_ProbeAnchor: {fileID: 0}
  m_LightProbeVolumeOverride: {fileID: 0}
  m_ScaleInLightmap: 1
  m_ReceiveGI: 1
  m_PreserveUVs: 0
  m_IgnoreNormalsForChartDetection: 0
  m_ImportantGI: 0
  m_StitchLightmapSeams: 1
  m_SelectedEditorRenderState: 3
  m_MinimumChartSize: 4
  m_AutoUVMaxDistance: 0.5
  m_AutoUVMaxAngle: 89
  m_LightmapParameters: {fileID: 0}
  m_SortingLayerID: 0
  m_SortingLayer: 0
  m_SortingOrder: 0
  m_AdditionalVertexStreams: {fileID: 0}
--- !u!1 &8992036116825778869
GameObject:
  m_ObjectHideFlags: 0
  m_CorrespondingSourceObject: {fileID: 0}
  m_PrefabInstance: {fileID: 0}
  m_PrefabAsset: {fileID: 0}
  serializedVersion: 6
  m_Component:
  - component: {fileID: 7800482676426066146}
  - component: {fileID: 2508960892978848396}
  - component: {fileID: 7825177114629068872}
  m_Layer: 0
  m_Name: Cube.014
  m_TagString: Untagged
  m_Icon: {fileID: 0}
  m_NavMeshLayer: 0
  m_StaticEditorFlags: 0
  m_IsActive: 1
--- !u!23 &9056741175267094743
MeshRenderer:
  m_ObjectHideFlags: 0
  m_CorrespondingSourceObject: {fileID: 0}
  m_PrefabInstance: {fileID: 0}
  m_PrefabAsset: {fileID: 0}
  m_GameObject: {fileID: 832219366532806354}
  m_Enabled: 1
  m_CastShadows: 1
  m_ReceiveShadows: 1
  m_DynamicOccludee: 1
  m_MotionVectors: 1
  m_LightProbeUsage: 1
  m_ReflectionProbeUsage: 1
  m_RayTracingMode: 2
  m_RayTraceProcedural: 0
  m_RenderingLayerMask: 1
  m_RendererPriority: 0
  m_Materials:
  - {fileID: 2100000, guid: 81154d8732282974db09b9466c61bb42, type: 2}
  m_StaticBatchInfo:
    firstSubMesh: 0
    subMeshCount: 0
  m_StaticBatchRoot: {fileID: 0}
  m_ProbeAnchor: {fileID: 0}
  m_LightProbeVolumeOverride: {fileID: 0}
  m_ScaleInLightmap: 1
  m_ReceiveGI: 1
  m_PreserveUVs: 0
  m_IgnoreNormalsForChartDetection: 0
  m_ImportantGI: 0
  m_StitchLightmapSeams: 1
  m_SelectedEditorRenderState: 3
  m_MinimumChartSize: 4
  m_AutoUVMaxDistance: 0.5
  m_AutoUVMaxAngle: 89
  m_LightmapParameters: {fileID: 0}
  m_SortingLayerID: 0
  m_SortingLayer: 0
  m_SortingOrder: 0
  m_AdditionalVertexStreams: {fileID: 0}
--- !u!1 &9071977818961161112
GameObject:
  m_ObjectHideFlags: 0
  m_CorrespondingSourceObject: {fileID: 0}
  m_PrefabInstance: {fileID: 0}
  m_PrefabAsset: {fileID: 0}
  serializedVersion: 6
  m_Component:
  - component: {fileID: 3140492810048162325}
  - component: {fileID: 1398423907646530368}
  - component: {fileID: 4863428188163103676}
  - component: {fileID: 9071977818961161113}
  m_Layer: 0
  m_Name: Cube.004
  m_TagString: Untagged
  m_Icon: {fileID: 0}
  m_NavMeshLayer: 0
  m_StaticEditorFlags: 0
  m_IsActive: 1
--- !u!65 &9071977818961161113
BoxCollider:
  m_ObjectHideFlags: 0
  m_CorrespondingSourceObject: {fileID: 0}
  m_PrefabInstance: {fileID: 0}
  m_PrefabAsset: {fileID: 0}
  m_GameObject: {fileID: 9071977818961161112}
  m_Material: {fileID: 0}
  m_IsTrigger: 0
  m_Enabled: 1
  serializedVersion: 2
  m_Size: {x: 0.31078038, y: 0.21120161, z: 0.4053649}
  m_Center: {x: 0, y: -5.5824617e-16, z: 0.15268241}
