%YAML 1.1
%TAG !u! tag:unity3d.com,2011:
--- !u!1 &1784804926938982957
GameObject:
  m_ObjectHideFlags: 0
  m_CorrespondingSourceObject: {fileID: 0}
  m_PrefabInstance: {fileID: 0}
  m_PrefabAsset: {fileID: 0}
  serializedVersion: 6
  m_Component:
  - component: {fileID: 1784804926938982947}
  - component: {fileID: 1784804926938982956}
  m_Layer: 0
  m_Name: upgrade
  m_TagString: Untagged
  m_Icon: {fileID: 0}
  m_NavMeshLayer: 0
  m_StaticEditorFlags: 0
  m_IsActive: 1
--- !u!4 &1784804926938982947
Transform:
  m_ObjectHideFlags: 0
  m_CorrespondingSourceObject: {fileID: 0}
  m_PrefabInstance: {fileID: 0}
  m_PrefabAsset: {fileID: 0}
  m_GameObject: {fileID: 1784804926938982957}
  m_LocalRotation: {x: 0, y: 0, z: 0, w: 1}
  m_LocalPosition: {x: -15.19, y: 0, z: 23.58}
  m_LocalScale: {x: 1, y: 1, z: 1}
  m_Children:
  - {fileID: 2255845889932314797}
  - {fileID: 844443275827071336}
  m_Father: {fileID: 0}
  m_RootOrder: 0
  m_LocalEulerAnglesHint: {x: 0, y: 0, z: 0}
--- !u!114 &1784804926938982956
MonoBehaviour:
  m_ObjectHideFlags: 0
  m_CorrespondingSourceObject: {fileID: 0}
  m_PrefabInstance: {fileID: 0}
  m_PrefabAsset: {fileID: 0}
  m_GameObject: {fileID: 1784804926938982957}
  m_Enabled: 1
  m_EditorHideFlags: 0
  m_Script: {fileID: 11500000, guid: ebad7a41ebf6ea44292624635365b4b5, type: 3}
  m_Name: 
  m_EditorClassIdentifier: 
  money: {fileID: 0}
  upgradeParticles: {fileID: 0}
  upgrageProgress: {fileID: 0}
  carStartCost: 10
  carCostStep: 10
  carUpgradeText: {fileID: 0}
  carUpgradeButton: {fileID: 0}
  carUpgradeLevel: {fileID: 0}
  carMaxLevel:
  - {fileID: 8432827906572085247}
  - {fileID: 7169375203021506492}
  - {fileID: 8766036348056242708}
  - {fileID: 6016822480654447692}
  - {fileID: 6037023804074814229}
  - {fileID: 7803704060578140666}
  - {fileID: 7467793749065658902}
  baseStartCost: 10
  baseCostStep: 10
  baseUpgradeText: {fileID: 0}
  baseUpgradeLevel: {fileID: 0}
  baseUpgradeButton: {fileID: 0}
  baseMaxLevel: []
  moneyGainStartCost: 10
  moneyGainCostStep: 10
  moneyGainUpgradeText: {fileID: 0}
  moneyGainUpgradeLevel: {fileID: 0}
  moneyGainUpgradeButton: {fileID: 0}
  moneyGainMultiplayerStep: 0.1
  moneyGainMaxLevel: 50
  rayStartCost: 10
  rayCostStep: 300
  rayUpgradeText: {fileID: 0}
  rayUpgradeLevel: {fileID: 0}
  rayUpgradeButton: {fileID: 0}
  rayMaxLevel: 5
--- !u!1001 &878951596935786115
PrefabInstance:
  m_ObjectHideFlags: 0
  serializedVersion: 2
  m_Modification:
    m_TransformParent: {fileID: 1784804926938982947}
    m_Modifications:
    - target: {fileID: -8679921383154817045, guid: 341710e5a8217004ba6e1f667eba43f1, type: 3}
      propertyPath: m_RootOrder
      value: 1
      objectReference: {fileID: 0}
    - target: {fileID: -8679921383154817045, guid: 341710e5a8217004ba6e1f667eba43f1, type: 3}
      propertyPath: m_LocalScale.x
      value: 0.5
      objectReference: {fileID: 0}
    - target: {fileID: -8679921383154817045, guid: 341710e5a8217004ba6e1f667eba43f1, type: 3}
      propertyPath: m_LocalScale.y
      value: 0.5
      objectReference: {fileID: 0}
    - target: {fileID: -8679921383154817045, guid: 341710e5a8217004ba6e1f667eba43f1, type: 3}
      propertyPath: m_LocalScale.z
      value: 0.5
      objectReference: {fileID: 0}
    - target: {fileID: -8679921383154817045, guid: 341710e5a8217004ba6e1f667eba43f1, type: 3}
      propertyPath: m_LocalPosition.x
      value: 0.46
      objectReference: {fileID: 0}
    - target: {fileID: -8679921383154817045, guid: 341710e5a8217004ba6e1f667eba43f1, type: 3}
      propertyPath: m_LocalPosition.y
      value: -2.33
      objectReference: {fileID: 0}
    - target: {fileID: -8679921383154817045, guid: 341710e5a8217004ba6e1f667eba43f1, type: 3}
      propertyPath: m_LocalPosition.z
      value: -0.42
      objectReference: {fileID: 0}
    - target: {fileID: -8679921383154817045, guid: 341710e5a8217004ba6e1f667eba43f1, type: 3}
      propertyPath: m_LocalRotation.w
      value: 0
      objectReference: {fileID: 0}
    - target: {fileID: -8679921383154817045, guid: 341710e5a8217004ba6e1f667eba43f1, type: 3}
      propertyPath: m_LocalRotation.x
      value: 0
      objectReference: {fileID: 0}
    - target: {fileID: -8679921383154817045, guid: 341710e5a8217004ba6e1f667eba43f1, type: 3}
      propertyPath: m_LocalRotation.y
      value: -1
      objectReference: {fileID: 0}
    - target: {fileID: -8679921383154817045, guid: 341710e5a8217004ba6e1f667eba43f1, type: 3}
      propertyPath: m_LocalRotation.z
      value: 0
      objectReference: {fileID: 0}
    - target: {fileID: -8679921383154817045, guid: 341710e5a8217004ba6e1f667eba43f1, type: 3}
      propertyPath: m_LocalEulerAnglesHint.x
      value: 0
      objectReference: {fileID: 0}
    - target: {fileID: -8679921383154817045, guid: 341710e5a8217004ba6e1f667eba43f1, type: 3}
      propertyPath: m_LocalEulerAnglesHint.y
      value: -180
      objectReference: {fileID: 0}
    - target: {fileID: -8679921383154817045, guid: 341710e5a8217004ba6e1f667eba43f1, type: 3}
      propertyPath: m_LocalEulerAnglesHint.z
      value: 0
      objectReference: {fileID: 0}
    - target: {fileID: -2308806227403324010, guid: 341710e5a8217004ba6e1f667eba43f1, type: 3}
      propertyPath: m_Name
      value: footrest
      objectReference: {fileID: 0}
    - target: {fileID: -2270101540119888007, guid: 341710e5a8217004ba6e1f667eba43f1, type: 3}
      propertyPath: m_Name
      value: radiator
      objectReference: {fileID: 0}
    - target: {fileID: -1472598964322804587, guid: 341710e5a8217004ba6e1f667eba43f1, type: 3}
      propertyPath: m_Name
      value: ghost
      objectReference: {fileID: 0}
    - target: {fileID: -489267696716461700, guid: 341710e5a8217004ba6e1f667eba43f1, type: 3}
      propertyPath: m_Name
      value: headlights
      objectReference: {fileID: 0}
    - target: {fileID: 919132149155446097, guid: 341710e5a8217004ba6e1f667eba43f1, type: 3}
      propertyPath: m_Name
      value: Ghostbusters_car
      objectReference: {fileID: 0}
    - target: {fileID: 1954505134270542255, guid: 341710e5a8217004ba6e1f667eba43f1, type: 3}
      propertyPath: m_Name
      value: base
      objectReference: {fileID: 0}
    - target: {fileID: 5866666021909216657, guid: 341710e5a8217004ba6e1f667eba43f1, type: 3}
      propertyPath: m_Controller
      value: 
      objectReference: {fileID: 9100000, guid: 785be57843560f24f9496b374385c3f1, type: 2}
    - target: {fileID: 5866666021909216657, guid: 341710e5a8217004ba6e1f667eba43f1, type: 3}
      propertyPath: m_CullingMode
      value: 0
      objectReference: {fileID: 0}
    - target: {fileID: 6789459735977849530, guid: 341710e5a8217004ba6e1f667eba43f1, type: 3}
      propertyPath: m_Name
      value: disks
      objectReference: {fileID: 0}
    - target: {fileID: 6895756467884825295, guid: 341710e5a8217004ba6e1f667eba43f1, type: 3}
      propertyPath: m_Name
      value: spoiler
      objectReference: {fileID: 0}
    - target: {fileID: 8019808199526443327, guid: 341710e5a8217004ba6e1f667eba43f1, type: 3}
      propertyPath: m_Name
      value: engine
      objectReference: {fileID: 0}
    - target: {fileID: 8472852337047676055, guid: 341710e5a8217004ba6e1f667eba43f1, type: 3}
      propertyPath: m_Name
      value: flashers
      objectReference: {fileID: 0}
    m_RemovedComponents: []
  m_SourcePrefab: {fileID: 100100000, guid: 341710e5a8217004ba6e1f667eba43f1, type: 3}
--- !u!4 &844443275827071336 stripped
Transform:
  m_CorrespondingSourceObject: {fileID: -8679921383154817045, guid: 341710e5a8217004ba6e1f667eba43f1, type: 3}
  m_PrefabInstance: {fileID: 878951596935786115}
  m_PrefabAsset: {fileID: 0}
--- !u!1 &8432827906572085247 stripped
GameObject:
  m_CorrespondingSourceObject: {fileID: -489267696716461700, guid: 341710e5a8217004ba6e1f667eba43f1, type: 3}
  m_PrefabInstance: {fileID: 878951596935786115}
  m_PrefabAsset: {fileID: 0}
--- !u!1 &7169375203021506492 stripped
GameObject:
  m_CorrespondingSourceObject: {fileID: 8019808199526443327, guid: 341710e5a8217004ba6e1f667eba43f1, type: 3}
  m_PrefabInstance: {fileID: 878951596935786115}
  m_PrefabAsset: {fileID: 0}
--- !u!1 &8766036348056242708 stripped
GameObject:
  m_CorrespondingSourceObject: {fileID: 8472852337047676055, guid: 341710e5a8217004ba6e1f667eba43f1, type: 3}
  m_PrefabInstance: {fileID: 878951596935786115}
  m_PrefabAsset: {fileID: 0}
--- !u!1 &6016822480654447692 stripped
GameObject:
  m_CorrespondingSourceObject: {fileID: 6895756467884825295, guid: 341710e5a8217004ba6e1f667eba43f1, type: 3}
  m_PrefabInstance: {fileID: 878951596935786115}
  m_PrefabAsset: {fileID: 0}
--- !u!1 &7467793749065658902 stripped
GameObject:
  m_CorrespondingSourceObject: {fileID: -1472598964322804587, guid: 341710e5a8217004ba6e1f667eba43f1, type: 3}
  m_PrefabInstance: {fileID: 878951596935786115}
  m_PrefabAsset: {fileID: 0}
--- !u!1 &7803704060578140666 stripped
GameObject:
  m_CorrespondingSourceObject: {fileID: -2270101540119888007, guid: 341710e5a8217004ba6e1f667eba43f1, type: 3}
  m_PrefabInstance: {fileID: 878951596935786115}
  m_PrefabAsset: {fileID: 0}
--- !u!1 &6037023804074814229 stripped
GameObject:
  m_CorrespondingSourceObject: {fileID: -2308806227403324010, guid: 341710e5a8217004ba6e1f667eba43f1, type: 3}
  m_PrefabInstance: {fileID: 878951596935786115}
  m_PrefabAsset: {fileID: 0}
--- !u!1001 &1784804927077199686
PrefabInstance:
  m_ObjectHideFlags: 0
  serializedVersion: 2
  m_Modification:
    m_TransformParent: {fileID: 1784804926938982947}
    m_Modifications:
    - target: {fileID: -8679921383154817045, guid: 2b258a81a69d8cb49abab99ad1a587e1, type: 3}
      propertyPath: m_RootOrder
      value: 0
      objectReference: {fileID: 0}
    - target: {fileID: -8679921383154817045, guid: 2b258a81a69d8cb49abab99ad1a587e1, type: 3}
      propertyPath: m_LocalPosition.x
      value: 1.8899994
      objectReference: {fileID: 0}
    - target: {fileID: -8679921383154817045, guid: 2b258a81a69d8cb49abab99ad1a587e1, type: 3}
      propertyPath: m_LocalPosition.y
      value: 0.17738152
      objectReference: {fileID: 0}
    - target: {fileID: -8679921383154817045, guid: 2b258a81a69d8cb49abab99ad1a587e1, type: 3}
      propertyPath: m_LocalPosition.z
      value: 6.7199993
      objectReference: {fileID: 0}
    - target: {fileID: -8679921383154817045, guid: 2b258a81a69d8cb49abab99ad1a587e1, type: 3}
      propertyPath: m_LocalRotation.w
      value: -0.25881788
      objectReference: {fileID: 0}
    - target: {fileID: -8679921383154817045, guid: 2b258a81a69d8cb49abab99ad1a587e1, type: 3}
      propertyPath: m_LocalRotation.x
      value: -0
      objectReference: {fileID: 0}
    - target: {fileID: -8679921383154817045, guid: 2b258a81a69d8cb49abab99ad1a587e1, type: 3}
      propertyPath: m_LocalRotation.y
      value: 0.9659262
      objectReference: {fileID: 0}
    - target: {fileID: -8679921383154817045, guid: 2b258a81a69d8cb49abab99ad1a587e1, type: 3}
      propertyPath: m_LocalRotation.z
      value: -0
      objectReference: {fileID: 0}
    - target: {fileID: -8679921383154817045, guid: 2b258a81a69d8cb49abab99ad1a587e1, type: 3}
      propertyPath: m_LocalEulerAnglesHint.x
      value: 0
      objectReference: {fileID: 0}
    - target: {fileID: -8679921383154817045, guid: 2b258a81a69d8cb49abab99ad1a587e1, type: 3}
      propertyPath: m_LocalEulerAnglesHint.y
      value: 210
      objectReference: {fileID: 0}
    - target: {fileID: -8679921383154817045, guid: 2b258a81a69d8cb49abab99ad1a587e1, type: 3}
      propertyPath: m_LocalEulerAnglesHint.z
      value: 0
      objectReference: {fileID: 0}
    - target: {fileID: -8391222552659086748, guid: 2b258a81a69d8cb49abab99ad1a587e1, type: 3}
      propertyPath: m_Name
      value: base
      objectReference: {fileID: 0}
    - target: {fileID: -7640558969779515294, guid: 2b258a81a69d8cb49abab99ad1a587e1, type: 3}
      propertyPath: m_Name
      value: KPP
      objectReference: {fileID: 0}
    - target: {fileID: -7640558969779515294, guid: 2b258a81a69d8cb49abab99ad1a587e1, type: 3}
      propertyPath: m_IsActive
      value: 1
      objectReference: {fileID: 0}
    - target: {fileID: -7146521406498821007, guid: 2b258a81a69d8cb49abab99ad1a587e1, type: 3}
      propertyPath: m_Name
      value: porch
      objectReference: {fileID: 0}
    - target: {fileID: -7146521406498821007, guid: 2b258a81a69d8cb49abab99ad1a587e1, type: 3}
      propertyPath: m_IsActive
      value: 1
      objectReference: {fileID: 0}
    - target: {fileID: -5568371526223589888, guid: 2b258a81a69d8cb49abab99ad1a587e1, type: 3}
      propertyPath: m_Name
      value: lights
      objectReference: {fileID: 0}
    - target: {fileID: -5568371526223589888, guid: 2b258a81a69d8cb49abab99ad1a587e1, type: 3}
      propertyPath: m_IsActive
      value: 1
      objectReference: {fileID: 0}
    - target: {fileID: -2045257923548263128, guid: 2b258a81a69d8cb49abab99ad1a587e1, type: 3}
      propertyPath: m_IsActive
      value: 1
      objectReference: {fileID: 0}
    - target: {fileID: -1599826595754709761, guid: 2b258a81a69d8cb49abab99ad1a587e1, type: 3}
      propertyPath: m_Name
      value: ghost
      objectReference: {fileID: 0}
    - target: {fileID: -1599826595754709761, guid: 2b258a81a69d8cb49abab99ad1a587e1, type: 3}
      propertyPath: m_IsActive
      value: 1
      objectReference: {fileID: 0}
    - target: {fileID: -516098083770646512, guid: 2b258a81a69d8cb49abab99ad1a587e1, type: 3}
      propertyPath: m_Name
      value: 'workshop '
      objectReference: {fileID: 0}
    - target: {fileID: -516098083770646512, guid: 2b258a81a69d8cb49abab99ad1a587e1, type: 3}
      propertyPath: m_IsActive
      value: 1
      objectReference: {fileID: 0}
    - target: {fileID: -466329591000292508, guid: 2b258a81a69d8cb49abab99ad1a587e1, type: 3}
      propertyPath: m_IsActive
      value: 0
      objectReference: {fileID: 0}
    - target: {fileID: -208595431880416365, guid: 2b258a81a69d8cb49abab99ad1a587e1, type: 3}
      propertyPath: m_Name
      value: garage
      objectReference: {fileID: 0}
    - target: {fileID: -208595431880416365, guid: 2b258a81a69d8cb49abab99ad1a587e1, type: 3}
      propertyPath: m_IsActive
      value: 1
      objectReference: {fileID: 0}
    - target: {fileID: 919132149155446097, guid: 2b258a81a69d8cb49abab99ad1a587e1, type: 3}
      propertyPath: m_Name
      value: Ghostbusters_Base
      objectReference: {fileID: 0}
    - target: {fileID: 919132149155446097, guid: 2b258a81a69d8cb49abab99ad1a587e1, type: 3}
      propertyPath: m_IsActive
      value: 0
      objectReference: {fileID: 0}
    - target: {fileID: 4306643203051859313, guid: 2b258a81a69d8cb49abab99ad1a587e1, type: 3}
      propertyPath: m_LocalPosition.x
      value: 0.1
      objectReference: {fileID: 0}
    - target: {fileID: 4306643203051859313, guid: 2b258a81a69d8cb49abab99ad1a587e1, type: 3}
      propertyPath: m_LocalPosition.z
      value: 3.23
      objectReference: {fileID: 0}
    - target: {fileID: 4418473098069316928, guid: 2b258a81a69d8cb49abab99ad1a587e1, type: 3}
      propertyPath: m_LocalPosition.x
      value: 19.3
      objectReference: {fileID: 0}
    - target: {fileID: 4418473098069316928, guid: 2b258a81a69d8cb49abab99ad1a587e1, type: 3}
      propertyPath: m_LocalPosition.y
      value: 0.73
      objectReference: {fileID: 0}
    - target: {fileID: 4418473098069316928, guid: 2b258a81a69d8cb49abab99ad1a587e1, type: 3}
      propertyPath: m_LocalPosition.z
      value: 14.6
      objectReference: {fileID: 0}
    - target: {fileID: 4865064391339405807, guid: 2b258a81a69d8cb49abab99ad1a587e1, type: 3}
      propertyPath: m_LocalPosition.x
      value: 5.6
      objectReference: {fileID: 0}
    - target: {fileID: 4865064391339405807, guid: 2b258a81a69d8cb49abab99ad1a587e1, type: 3}
      propertyPath: m_LocalPosition.z
      value: 13.58
      objectReference: {fileID: 0}
    - target: {fileID: 8416272007918961125, guid: 2b258a81a69d8cb49abab99ad1a587e1, type: 3}
      propertyPath: m_Name
      value: tower
      objectReference: {fileID: 0}
    - target: {fileID: 8416272007918961125, guid: 2b258a81a69d8cb49abab99ad1a587e1, type: 3}
      propertyPath: m_IsActive
      value: 1
      objectReference: {fileID: 0}
    - target: {fileID: 8513859187771203891, guid: 2b258a81a69d8cb49abab99ad1a587e1, type: 3}
      propertyPath: m_Name
      value: tree
      objectReference: {fileID: 0}
    - target: {fileID: 8513859187771203891, guid: 2b258a81a69d8cb49abab99ad1a587e1, type: 3}
      propertyPath: m_IsActive
      value: 1
      objectReference: {fileID: 0}
    m_RemovedComponents: []
  m_SourcePrefab: {fileID: 100100000, guid: 2b258a81a69d8cb49abab99ad1a587e1, type: 3}
--- !u!4 &2255845889932314797 stripped
Transform:
  m_CorrespondingSourceObject: {fileID: -8679921383154817045, guid: 2b258a81a69d8cb49abab99ad1a587e1, type: 3}
  m_PrefabInstance: {fileID: 1784804927077199686}
  m_PrefabAsset: {fileID: 0}
